2216 3964
1136 397 1196 459 36

318 528 381 580 Et
407 531 503 579 hoc
529 526 731 592 quidem
759 530 807 579 in
834 530 990 580 forma
1014 532 1147 594 apud
1178 534 1395 580 Graecos
1421 546 1554 579 nunc
1589 527 1765 579 usitata
1797 541 2012 594 apparet,
2033 532 2084 582 in

247 618 475 668 oratione
511 635 639 682 quae
681 618 856 682 incipit
891 621 1033 667 Deus
1065 621 1156 681 qui
1193 635 1396 682 magnus
1430 636 1475 666 es
1510 621 1562 667 in
1591 620 1808 680 potentia
1824 621 2087 669 z-“hunc

248 721 400 767 quem
437 705 648 764 voluisti,
685 714 739 754 ut
774 705 960 754 subiret
1000 706 1206 768 gradum
1243 707 1535 768 Presbyteri,
1574 704 1725 768 imple
1759 704 2090 764 donohsancti

247 792 323 840 tui
347 792 570 855 Spiritus,
599 802 652 842 ut
689 795 773 842 fiat
810 792 990 856 dignus
1033 795 1117 856 qui
1152 795 1347 842 assistat
1379 793 1659 856 inculpatus
1683 792 1960 842 sanctuario
1984 803 2088 853 tuo,

246 882 502 942 praedicet
530 881 853 944 Evangelium
882 884 950 930 tui
977 882 1127 944 regni,
1155 881 1464 931 administret
1487 883 1691 931 verbum
1718 891 1830 931 tuae
1858 881 2087 941 veritatis,

247 967 422 1016 offerat
442 967 529 1017 tibi
550 969 684 1018 dona
707 979 756 1017 et
781 968 1020 1018 sacrificia
1044 968 1326 1031 spiritualia,
1347 978 1550 1018 renovet
1573 970 1811 1032 populum
1837 979 1976 1018 tuum
2001 984 2090 1031 per

244 1056 495 1103 lavacrum
522 1056 940 1119 regenerationis’'
956 1067 1049 1106 ete.
1091 1057 1310 1120 (Habert
1322 1059 1428 1105 Lib.
1441 1057 1624 1119 Pontzf
1638 1074 1683 1119 p.
1700 1074 1811 1119 314,
1826 1058 1902 1106 ed.
1919 1057 2088 1119 1643.)

320 1145 420 1193 Sed
445 1145 509 1194 de
535 1145 767 1194 Patribus
801 1146 917 1203 suis,
944 1161 1157 1207 quorum
1184 1146 1522 1194 ordinationes
1548 1161 1695 1208 supra
1718 1143 2083 1208 descripsimus,

252 1233 375 1293 quid
430 1232 695 1282 iudicaturi
748 1234 846 1281 sint
893 1234 1042 1281 etiam
1099 1242 1251 1295 atque
1298 1234 1447 1282 etiam
1496 1232 1713 1281 Romani
1758 1234 1974 1282 videant.
2035 1233 2086 1282 Si

249 1318 382 1367 enim
409 1322 578 1370 Patres
602 1330 799 1370 nostros
824 1329 941 1369 ante
966 1335 1125 1368 annos
1150 1321 1394 1369 ducentos
1421 1329 1468 1369 et
1494 1318 1852 1383 quinquaginta
1875 1319 2089 1368 invalide

249 1406 506 1456 ordinatos
549 1424 682 1457 novo
720 1409 924 1457 decreto
962 1410 1097 1471 Papa
1135 1407 1438 1471 pronuntiet,
1464 1409 1588 1456 nihil
1623 1407 1787 1457 obstat
1823 1409 2090 1471 quominus

247 1514 422 1549 omnes
459 1496 607 1545 simili
650 1496 803 1545 modo
845 1495 1100 1545 ordinatos
1142 1496 1342 1546 ordines
1390 1497 1551 1545 nullos
1592 1497 1856 1558 accepisse,
1906 1496 2086 1545 eodem

248 1589 367 1647 iure,
419 1586 703 1635 necessario
762 1585 1135 1634 decernendum
1200 1587 1275 1634 sit.
1367 1587 1431 1633 Et
1476 1584 1518 1633 si
1566 1586 1735 1634 Patres
1793 1583 1960 1645 nostri,
2002 1585 2087 1647 qui

244 1673 432 1734 formis,
489 1682 542 1722 ut
597 1672 732 1732 dicit,
795 1674 937 1721 annis
1003 1686 1129 1735 1550
1177 1683 1226 1722 et
1274 1687 1397 1736 1552
1442 1673 1590 1720 nullis
1636 1680 1898 1730 uterentur,
1948 1673 2087 1720 nullo

249 1764 405 1812 modo
457 1777 540 1810 eas
587 1762 851 1809 reformare
903 1776 1039 1809 anno
1099 1764 1222 1808 1662
1273 1769 1491 1823 possent,
1546 1761 1622 1808 sui
1669 1775 1870 1822 quoque
1921 1759 2083 1808 eidem

246 1849 343 1913 legi
382 1849 656 1899 subiacent.
731 1850 795 1897 Et
834 1850 873 1897 si
901 1847 1208 1912 Hippolytus
1238 1858 1287 1898 et
1310 1849 1485 1898 Victor
1509 1858 1558 1898 et
1584 1851 1688 1898 Leo
1712 1858 1762 1898 et
1786 1850 2012 1898 Gelasius
2037 1856 2088 1898 et

248 1935 530 2000 Gregorius,
549 1937 599 1983 in
619 1934 793 1983 ritibus
819 1934 934 1994 suis,
956 1937 1132 1998 partim
1158 1952 1331 1998 parum
1348 1937 1412 1985 de
1436 1937 1715 1985 sacerdotio
1730 1946 1778 1985 et
1798 1937 1860 1985 de
1890 1953 2086 1986 summo
2123 1963 2127 1967 -

247 2023 540 2084 sacerdoti0‚
569 2033 617 2072 et
644 2022 770 2071 nihil
804 2023 868 2072 de
901 2032 1145 2085 potestate
1181 2024 1419 2073 offerendi
1453 2022 1748 2072 sacrificium
1784 2026 2002 2087 corporis
2037 2033 2087 2073 et

247 2112 501 2176 sanguinis
549 2110 734 2161 Christi
780 2111 1006 2171 dixerint,
1049 2113 1258 2161 ecclesia
1303 2111 1411 2174 ipsa
1470 2096 1699 2160 Romana
1756 2110 2084 2162 sacerdotium

247 2201 441 2249 nullum
490 2199 694 2259 obtinet,
734 2207 784 2247 et
833 2200 1331 2248 Sacramentariorum
1381 2201 1735 2261 reformatores,
1785 2215 2086 2263 quocunque

247 2287 453 2336 nomine
494 2288 779 2349 gauderent,
819 2286 941 2333 nihil
987 2302 1077 2348 pro
1123 2285 1293 2335 ritibus
1335 2288 1567 2336 sanandis
1605 2288 1796 2336 efficere
1843 2297 2082 2351 poterant.

251 2374 595 2425 “Hierarchia
641 2375 819 2423 enim''
865 2383 920 2422 ut
967 2376 1047 2432 ait,
1113 2376 1374 2423 “extincta
1391 2376 1415 2396 ''
1468 2375 1534 2423 ob
1573 2376 1847 2425 nullitatem
1884 2378 2084 2437 formae,

247 2466 515 2526 “potestas
557 2459 826 2511 ordinandi
866 2462 1002 2509 nulla
1043 2461 1179 2510 fuit.’'
1279 2463 1346 2510 Et
1387 2461 1427 2510 si
1480 2462 1718 2512 ordinale
1768 2465 1972 2513 “valere
2020 2465 2085 2514 ad

244 2568 391 2600 usum
417 2549 788 2600 ordinationum
815 2548 1021 2598 minime
1056 2550 1225 2612 possit,
1254 2565 1569 2612 nequaquam
1604 2551 1813 2600 decursu
1849 2561 2082 2613 aetatum,

247 2655 402 2701 quum
438 2639 537 2687 tale
572 2636 736 2700 ipsum
774 2638 1114 2700 permanserit,
1139 2638 1360 2685 futurum
1402 2639 1493 2686 fuit
1529 2646 1582 2686 ut
1614 2639 1811 2687 valeret.
1850 2641 2016 2702 Atque
2055 2639 2089 2687 ii

245 2735 451 2790 egerunt
511 2728 704 2784 frustra,
757 2727 842 2788 qui
888 2724 1023 2789 {inde
1069 2742 1097 2774 a
1145 2723 1375 2790 [saeculis
1431 2715 1483 2773 vi
1520 2735 1571 2776 et
1618 2725 1697 2791 xl]
1757 2727 1922 2776 conati
1969 2738 2088 2777 sunt

245 2815 508 2863 admittere
561 2812 750 2876 aliquid
798 2811 1025 2862 sacrificii
1072 2821 1121 2861 et
1168 2812 1445 2874 sacerdotii,
1508 2812 1579 2878 [et
1628 2815 1691 2864 de
1743 2817 1959 2878 peccatis
2017 2833 2087 2865 re·
2134 2874 2138 2876 ,

247 2900 502 2950 mittendis
571 2909 621 2949 et
690 2898 1001 2964 retinendisl,
1053 2902 1296 2950 nonnulla
1361 2901 1479 2950 dein
1540 2904 1604 2950 ad
1677 2904 1899 2952 ordinale
1955 2906 2086 2954 facta

247 2989 579 3037 accessione.⁷'
639 2989 702 3035 Et
737 2986 822 3044 sic,
848 3002 949 3035 una
983 3002 1095 3035 cum
1134 2987 1327 3047 nostris,
1373 2978 1547 3038 omnes
1579 2989 1777 3040 ordines
1816 3007 1932 3040 suos
1972 2993 2084 3042 sub-

247 3074 391 3124 vertit
409 3077 557 3137 Papa,
575 3082 625 3123 et
647 3073 885 3122 iudicium
911 3075 1136 3136 propriae
1155 3073 1391 3124 ecclesiae
1415 3075 1571 3125 infert.
1627 3077 1878 3140 Eugenius
1897 3081 2083 3143 quippe

249 3164 325 3210 IV
340 3178 573 3225 magnum
591 3162 866 3224 perieulum
892 3161 1127 3210 nullitatis
1152 3163 1391 3212 ecclesiae
1410 3179 1527 3212 suae
1546 3163 1723 3223 intulit,
1741 3181 1854 3214 cum
1881 3168 2084 3217 doceret

246 3263 427 3295 novam
453 3249 707 3296 materiam
745 3255 795 3296 et
829 3248 1036 3295 formam
1072 3246 1273 3307 ordinis,
1311 3257 1361 3297 et
1400 3264 1466 3298 ne
1507 3251 1657 3299 verbo
1694 3253 1896 3313 quidem
1945 3270 2083 3303 veras

245 3333 517 3397 attingeret.
631 3336 797 3383 Nemo
838 3333 969 3384 enim
1019 3333 1110 3383 scit
1168 3344 1291 3397 quot
1337 3335 1687 3398 ordinationeS‚
1738 3355 1799 3387 eo
1850 3341 2080 3399 docente,

245 3421 404 3469 factae
444 3423 622 3470 fuerint
663 3420 770 3469 sine
808 3422 908 3470 ulla
935 3420 1254 3484 impositione
1285 3438 1520 3471 manuum
1563 3434 1647 3473 aut
1687 3426 1844 3475 forma
1882 3426 2075 3477 idonea.

251 3508 354 3555 Leo
390 3517 556 3556 autem
592 3509 803 3556 formam
838 3508 1082 3571 prioribus
1121 3512 1363 3560 Romanis
1398 3511 1646 3575 episcopis
1683 3512 2002 3577 incognitam,
2030 3525 2079 3565 et

244 3590 574 3641 intentionem
600 3593 650 3641 in
677 3595 1004 3644 Orientalium
1031 3597 1340 3647 catechismis
1365 3599 1697 3660 deficientem,
1725 3603 1952 3663 postulat.
