2216 3964
1105 392 1162 420 22

211 509 544 555 necessarium
571 507 660 556 fuit
686 509 1017 556 sacerdotium
1046 509 1108 557 de
1134 512 1193 556 eo
1218 508 1505 570 praedicari,
1533 516 1586 555 ut
1610 508 1661 554 in
1687 492 1910 556 oratione
1924 519 2056 567 quae

214 596 380 643 adhuc
401 597 449 643 in
463 595 738 645 Pontificali
763 597 1042 657 adhibetur,
1063 596 1251 645 scilicet
1262 597 1324 645 de
1345 612 1498 645 cornu
1517 594 1701 659 gratiae
1720 593 2058 643 sacerdotaliS.

211 684 310 731 Sed
337 700 448 731 cum
476 685 598 733 haec
625 686 938 734 consuetudo
951 692 1048 746 per
1079 685 1257 732 saltum
1294 684 1619 733 consecrandi
1652 684 1804 746 longo
1830 690 2056 755 tempore

211 772 474 821 exoleverit
501 773 751 836 (quamvis
789 775 929 822 nullo
967 775 1132 822 forsan
1174 782 1360 822 statuto
1402 771 1691 836 prohibita),
1718 779 1768 820 et
1790 755 2058 833 episcopus

214 862 381 922 aliquo
425 863 596 910 saltem
637 872 861 924 tempore
902 863 1132 911 sacerdos
1175 861 1413 911 exstiterit
1448 863 1499 909 in
1523 862 1875 924 presbyteratu,
1902 873 2060 908 sacer-

215 951 407 998 dotium
457 951 625 999 denuo
683 952 893 1000 conferri
951 967 1084 999 nunc
1141 967 1244 999 non
1302 959 1377 999 est
1435 950 1782 1009 necessarium,
1841 963 1937 998 nec
1995 945 2059 1011 (si

216 1036 455 1085 iudicium
499 1049 723 1087 nostrum
761 1042 974 1102 ingenue
1020 1039 1281 1103 fateamur)
1324 1038 1651 1088 rectissimum
1700 1047 1749 1087 et
1795 1037 2056 1101 optimum.

221 1127 344 1186 Nec,
374 1143 487 1175 cum
517 1128 794 1176 secundum
831 1127 1116 1177 Concilium
1144 1128 1496 1176 Tridentinum
1523 1127 1648 1190 (sess.
1672 1140 1714 1173 V.
1743 1127 1799 1173 de
1822 1124 1932 1186 Ref.
1958 1140 1992 1172 c.
2021 1137 2062 1171 11

225 1225 271 1263 et
297 1233 400 1264 sess.
430 1231 560 1263 xxiv
583 1219 639 1264 de
660 1217 769 1278 Res.
795 1233 827 1265 c.
858 1217 929 1279 lv)
974 1217 1345 1279 “praecipuum
1383 1215 1736 1278 episcoporum
1767 1213 1979 1262 munus''
2002 1210 2064 1260 sit

220 1305 527 1366 praedicatio
554 1305 812 1367 evangelii,
835 1321 864 1352 a
889 1306 1130 1353 Romanis
1155 1304 1254 1352 hoc
1273 1303 1574 1366 exigendum
1594 1311 1682 1351 est.
1745 1301 1872 1350 Ideo
1897 1315 2063 1363 neque

223 1396 523 1439 “summum
560 1393 923 1441 sacerdotium'’
946 1409 1110 1455 neque
1150 1392 1557 1441 “sacerdotium’'
1594 1392 1750 1439 ullum
1787 1405 1972 1439 novum
1998 1389 2064 1438 de

224 1479 471 1542 episcopis
496 1479 770 1542 praedicari
795 1490 870 1530 est
895 1496 1117 1529 necesse.

292 1571 398 1618 Nos
425 1579 606 1630 tamen,
628 1586 743 1618 cum
770 1571 819 1618 in
846 1569 1072 1619 Ordinali
1112 1579 1281 1618 nostro
1315 1570 1379 1619 de
1403 1568 1609 1618 summis
1647 1569 1990 1618 sacerdotibus
2013 1576 2065 1617 et

223 1658 542 1720 pontificibus
567 1658 811 1718 sileamus,
840 1674 984 1706 usum
1010 1658 1189 1706 horum
1230 1656 1491 1706 nominum
1526 1655 1578 1704 in
1616 1655 1724 1704 aliis
1748 1653 2066 1706 documentis

223 1746 434 1810 publicis
461 1764 561 1795 non
587 1748 869 1809 refugimus.
958 1747 1200 1808 Exempla
1236 1744 1370 1795 enim
1395 1743 1600 1808 proferri
1622 1753 1833 1807 possunt
1856 1759 1918 1793 ex
1940 1727 2066 1792 libri)

214 1843 414 1896 precum
440 1836 753 1897 publicarum
790 1843 884 1883 ete.
913 1850 1047 1882 anno
1079 1837 1206 1897 1560
1242 1833 1399 1883 latine
1433 1831 1588 1893 edito,
1626 1848 1687 1881 ex
1712 1830 1925 1895 epistula
1949 1831 2071 1881 duo-

227 1924 390 1971 decim
417 1922 761 1985 episcoporum
787 1938 876 1984 pro
919 1921 1178 1971 Grindallo
1220 1921 1594 1984 archiepiscopo
1629 1933 1729 1969 A.D.
1762 1922 1905 1984 1580,
1933 1929 1982 1969 et
2005 1935 2067 1969 ex

226 2012 461 2059 mandato
503 2010 861 2072 archiepiscopi
901 2012 1055 2059 nostri
1080 2010 1304 2073 Whitgift
1341 2010 1651 2073 suffraganeo
1699 2024 1791 2058 suo
1826 2009 2066 2072 episcopo

231 2098 527 2147 Dovoriensi
551 2100 668 2147 dato
693 2113 797 2147 A.D.
829 2098 994 2161 1583.3

293 2266 432 2314 XIV.
475 2266 687 2313 Duobus
723 2273 889 2312 autem
927 2263 1229 2327 argumentis
1266 2273 1438 2313 contra
1474 2267 1683 2313 formam
1709 2275 1932 2315 nostram
1956 2281 2068 2330 pro-

227 2356 352 2414 latis,
381 2371 506 2416 quae
547 2355 809 2416 praecipue
838 2356 999 2415 Papae
1035 2354 1247 2415 placent,
1275 2355 1425 2417 paulo
1458 2353 1605 2403 latius
1634 2353 2066 2417 respondebimus

232 2445 451 2491 Primum
495 2441 698 2504 quidem
746 2451 819 2490 est
861 2457 953 2489 nos
1001 2451 1116 2504 post
1156 2451 1356 2491 centum
1398 2444 1500 2492 fere
1525 2459 1697 2493 ‘annos
1731 2443 1858 2507 (Aa).
1915 2443 2070 2506 1662)

230 2541 345 2595 post
369 2533 516 2580 verba
542 2531 779 2592 “Accipe
805 2529 1039 2593 Spiritum
1067 2532 1323 2580 sanctum''
1360 2532 1607 2594 quaedam
1645 2531 1900 2582 addidisse
1939 2548 2071 2596 quae

234 2680 281 2705 ex
302 2666 491 2705 versione
508 2665 699 2716 Dionysii
718 2664 869 2716 Exigui
895 2669 1025 2716 patet,
1048 2664 1119 2716 qui
1139 2666 1265 2704 verba
1285 2666 1455 2705 canonis
1470 2666 1543 2718 ἐὰν
1556 2666 1612 2715 μὴ
1629 2667 1694 2706 καὶ
1723 2667 1987 2717 ἀναγνώστου
2007 2667 2074 2708 καὶ

232 2730 416 2770 διακόνου
437 2731 501 2769 καὶ
521 2727 799 2781 πρεσβυτέρου
821 2728 1041 2781 ὑπηρεσίαν
1062 2728 1263 2782 ἐκτελέσῃ
1285 2730 1343 2770 sic
1372 2731 1508 2771 reddit
1541 2734 1571 2752 “
1588 2732 1666 2772 nisi
1700 2738 1797 2772 ante
1830 2738 1872 2772 et
1904 2732 2072 2773 lectoris

233 2810 402 2836 munere
451 2802 490 2835 et
538 2795 674 2835 officio
721 2795 886 2835 diaconi
933 2801 1011 2833 ant
1053 2795 1282 2846 presbyteri
1328 2795 1451 2835 fuerit
1497 2797 1783 2848 perfunctus.''
1868 2798 2072 2850 Exempla
2146 2789 2150 2794 ⁵

232 2861 455 2902 afferuntur
482 2860 686 2912 Johannis
717 2858 897 2906 diaconi,
923 2859 965 2899 S.
992 2859 1103 2898 Galli
1137 2859 1331 2911 discipuli
1361 2860 1631 2908 (walafridus
1666 2862 1819 2902 Strabo
1849 2861 1893 2901 in
1917 2863 2004 2902 vita
2023 2863 2067 2902 S.

239 2927 355 2964 Galle·
374 2938 407 2964 c.
435 2933 574 2974 23—25‚
598 2934 692 2962 A.1).
719 2924 833 2974 625),
858 2922 1123 2963 Constantini
1144 2923 1386 2975 anti—papae
1407 2925 1465 2971 (A.
1476 2935 1519 2963 1).
1547 2925 1659 2974 767),
1683 2932 1724 2965 et
1737 2939 1938 2978 paparum
1955 2926 2073 2966 Pauli

236 2991 254 3028 I
274 2991 384 3038 (A.D.
410 2989 519 3039 757),
547 2987 759 3027 Valentini
781 2989 892 3035 (A.D.
915 2986 1027 3036 827),
1046 2994 1086 3026 et
1108 2987 1275 3026 Nicolai
1292 2988 1311 3026 I
1334 2988 1448 3035 (A.D.
1467 2988 1578 3039 858).
1642 2990 1769 3029 Hunc
1789 3003 1947 3031 morem
1966 2990 2075 3031 inter

235 3055 315 3093 alia
356 3053 517 3093 Latinis
555 3052 762 3092 obiciebat
802 3051 974 3091 Photius
1022 3051 1522 3103 Constantinopolitanus.
1604 3055 1709 3093 Rem
1765 3068 1849 3095 non
1896 3056 2075 3108 negabat

238 3118 454 3165 Nicolaus,
486 3117 558 3156 sed
593 3117 644 3156 de
678 3115 940 3167 promotione
963 3115 1223 3155 patriarchae
1256 3129 1306 3154 ex
1331 3115 1438 3155 laico
1459 3117 1640 3157 Graecos
1667 3120 1880 3170 arguebat,
1897 3120 1980 3171 Ep.
2005 3120 2074 3159 lxx

238 3196 308 3234 ap,
333 3183 463 3221 Labb.
490 3188 529 3220 et
547 3182 728 3220 Cossart.
760 3180 909 3219 Concz'l.
935 3180 1006 3218 viii
1026 3193 1063 3231 p.
1090 3182 1229 3234 471¹·13.
1309 3179 1530 3220 Ordinatio
1558 3182 1683 3221 etiam
1711 3183 1876 3223 diaconi
1890 3184 1934 3224 in
1955 3184 2076 3236 Epis·

235 3260 387 3298 copum
396 3247 638 3297 persultant
659 3245 912 3297 intellegitur
931 3244 973 3283 in
994 3244 1131 3283 rituali
1152 3245 1347 3296 Syrorum
1367 3243 1709 3286 Nestorianorum
1730 3249 1839 3299 apud
1862 3248 2072 3289 Morinum
2099 3248 2101 3251 ’

234 3311 280 3349 de
311 3325 414 3350 sacr.
432 3311 517 3350 ord.
536 3316 653 3362 parte
671 3320 704 3349 11
723 3323 761 3362 p.
783 3309 876 3360 388,
896 3309 960 3349 ed.
986 3309 1188 3361 Antverp.
1219 3309 1320 3360 1695
1343 3325 1392 3342 Ξ
1407 3310 1643 3362 Denzinger
1661 3312 1786 3351 Ritus
1801 3313 2075 3354 Orientalium

239 3380 266 3412 t.
295 3375 324 3412 ii
344 3388 384 3426 p.
411 3375 491 3425 238
513 3374 670 3424 (1864).

293 3460 421 3499 XIII.
445 3461 461 3485 3
482 3461 588 3500 Vide
609 3463 838 3500 orationem
860 3473 935 3512 pro
969 3459 1080 3499 clero
1109 3464 1149 3498 et
1169 3459 1326 3511 populo
1360 3465 1454 3511 post
1488 3460 1706 3501 Letaniam
1741 3468 1782 3503 et
1808 3464 1927 3504 Cone.
1951 3465 2068 3516 Mag.

237 3523 345 3561 Brit.
367 3524 417 3562 iv.
445 3538 514 3575 pp.
539 3536 617 3576 293
638 3532 678 3565 et
699 3535 790 3575 304.
866 3524 1060 3565 Secundo
1093 3524 1186 3563 loco
1206 3523 1446 3564 Grindallus
1465 3538 1489 3564 a
1507 3525 1781 3568 confratribus
1799 3528 1883 3570 suis
1903 3534 2073 3570 vocatur

239 3586 268 3605 “
287 3587 456 3626 eximius
477 3589 632 3628 Christi
654 3589 816 3640 praesul
836 3594 875 3629 et
896 3601 1079 3629 summus
1099 3588 1140 3627 in
1163 3588 1351 3630 Ecclesia
1371 3589 1603 3643 Anglicana
1623 3593 1816 3634 sacerdos
1834 3593 1928 3635 Dei.
1939 3591 1965 3612 ’²
