2216 3964
1131 320 1194 363 δ’)

242 436 429 481 Primus
473 436 556 495 qui
611 434 797 497 aliquid
841 437 938 484 tale
981 446 1340 484 commemorat
1387 447 1460 484 est
1504 439 1677 486 Gildas
1726 439 2083 489 Britannicus.3

236 521 423 568 Similia
447 521 593 569 etiam
621 522 719 570 dici
758 532 966 585 possunt
990 526 1053 572 de
1077 526 1314 573 unctione
1350 524 1538 587 capitiS,
1565 541 1694 588 quae
1717 542 1777 575 ex
1801 529 2080 576 imitatione

236 611 623 657 consecrationis
673 610 962 671 Aaronicae,
1023 621 1077 659 ut
1132 611 1226 660 alia
1267 614 1420 675 plura,
1476 615 1736 662 manifeste
1782 613 1991 675 fluxerit,
2029 623 2081 663 et

236 698 436 744 saeculo
474 712 530 744 ix
565 699 642 746 vel
682 713 718 745 x
755 708 889 747 extra
930 701 1162 758 Romam,
1188 709 1242 748 ut
1283 717 1343 749 ex
1377 702 1630 750 Amalario
1674 703 1756 764 (de
1785 704 1883 751 eccl.
1923 703 2000 766 off
2027 702 2078 752 ii.

243 785 322 845 14)
350 795 397 834 et
424 785 798 835 Pontificalibus
823 787 1004 836 nostris
1029 788 1192 851 colligi
1219 798 1395 850 potest,
1425 791 1636 851 primum
1663 789 1987 852 apparuerit.4

309 876 484 922 Restat
497 874 787 923 Benedictio
801 874 1059 924 Gallicana
1069 878 1208 923 Deus
1225 877 1652 938 sanctzficationum
1671 879 1883 926 omnium
1899 885 2077 940 auctor,

242 978 370 1024 quae
413 978 471 1010 ex
513 962 789 1011 abundanti
830 963 1172 1012 Benedictioni
1210 966 1466 1013 Romanae
1503 965 1674 1013 addita
1699 975 1772 1014 est
1799 968 1924 1030 (cap.
1955 970 2074 1028 xli),

240 1059 288 1099 et
312 1051 535 1098 similiter
558 1066 585 1097 a
603 1050 828 1099 Patribus
853 1054 1033 1100 nostris
1058 1054 1240 1101 reiecta
1265 1062 1352 1101 est.
1412 1054 1554 1113 Quae
1574 1055 1731 1101 oratio
1750 1053 1909 1102 verbis
1935 1039 2078 1103 inter-

240 1140 417 1202 polatis
465 1138 729 1187 manifeste
771 1148 1018 1200 corrupta,
1062 1148 1114 1187 ut
1158 1140 1205 1186 in
1251 1141 1529 1187 Pontificali
1575 1143 1808 1189 Romano
1849 1141 2074 1202 habetur,

241 1228 496 1278 doctrinae
535 1225 1115 1286 transsubstantiationis,
1143 1243 1170 1274 a
1198 1226 1342 1275 nobis
1367 1226 1589 1288 reiectae,
1618 1230 1780 1277 favere
1804 1229 2075 1289 videbatur,

242 1328 290 1367 et
329 1318 378 1366 in
421 1334 472 1367 se
507 1318 587 1366 vix
629 1317 849 1378 intellegi
889 1323 1097 1378 poterat,
1132 1315 1201 1363 ita
1238 1323 1291 1363 ut
1329 1315 1556 1379 liturgiae
1600 1317 1650 1363 in
1685 1315 1853 1380 lingua
1891 1318 2076 1380 vulgari

242 1407 500 1466 dicendae,
540 1406 604 1454 ad
641 1405 814 1468 populi
854 1402 1009 1452 nostri
1051 1403 1467 1464 aedificationem,
1512 1406 1651 1452 nullo
1697 1406 1852 1454 modo
1897 1406 2080 1455 idonea

242 1496 501 1543 videretur.
549 1494 739 1542 Eadem
789 1500 972 1551 tamen,
1025 1490 1388 1554 qualiscunque
1437 1491 1513 1551 sit,
1559 1492 1682 1541 nihil
1726 1495 1790 1542 de
1834 1502 2081 1556 potestate

243 1582 553 1631 sacrificandi
580 1582 746 1630 docet.

305 1705 445 1751 XIX.
488 1703 626 1763 Quid
669 1703 850 1749 mirum
892 1716 1011 1763 ergo
1052 1699 1093 1748 si
1135 1702 1387 1749 orationes
1430 1701 1537 1749 illas
1579 1718 1637 1750 ex
1675 1697 1885 1765 liturgia,
1916 1705 2086 1767 lingua

237 1791 420 1855 vulgari
462 1791 728 1847 recitanda,
771 1798 1050 1838 resecarent
1087 1791 1256 1836 Patres
1307 1788 1460 1837 nostri
1510 1799 1562 1837 ut
1607 1791 1672 1838 ad
1713 1789 2080 1854 simplicitatem

242 1879 499 1943 Evangelii
523 1878 776 1928 redirent?
835 1880 896 1925 In
918 1893 1020 1939 quo
1040 1877 1172 1924 viam
1193 1876 1300 1926 viae
1319 1893 1346 1925 a
1363 1877 1605 1927 Romanis
1630 1877 1779 1928 initae
1795 1879 2074 1942 oppositam

237 1978 369 2018 certe
394 1969 746 2030 sequebantur.
811 1963 1026 2014 Romani
1053 1966 1183 2013 enim
1210 1981 1237 2013 a
1258 1965 1573 2028 simplicitate
1596 1982 1757 2029 paene
1783 1969 2082 2031 Evangelica

238 2056 548 2118 incipientes,
588 2070 789 2103 suorum
838 2055 1022 2101 rituum
1081 2052 1392 2101 severitatem
1452 2056 1754 2103 ornamentis
1814 2055 2085 2105 Gallicanis

241 2143 584 2203 distinxerunt,
602 2152 651 2192 et
676 2141 971 2190 cerimonias
996 2142 1221 2189 aVetere
1247 2143 1572 2190 Testamento
1599 2144 1847 2192 traductas
1871 2145 2084 2193 decursu

237 2231 476 2295 temporis
513 2232 827 2287 addiderunt,
870 2239 922 2277 ut
959 2229 1225 2278 discrimen
1267 2231 1396 2278 inter
1429 2232 1670 2292 populum
1713 2241 1764 2280 et
1798 2233 2083 2282 sacerdotes

236 2325 386 2373 etiam
429 2331 578 2382 atque
617 2321 765 2368 etiam
804 2318 1171 2381 significaretur.
1246 2319 1384 2379 Quas
1423 2319 1718 2368 cerimonias
1757 2322 1895 2369 nullo
1929 2323 2082 2370 modo

241 2410 685 2460 “contemnendas
732 2417 782 2456 et
828 2407 1173 2469 perniciosas‚⁷’
1222 2416 1307 2455 aut
1354 2409 1454 2456 suis
1502 2409 1624 2456 locis
1665 2418 1714 2457 et
1774 2410 2083 2472 temporibus

238 2499 438 2548 inutiles
480 2497 706 2555 dicimus,
733 2497 823 2545 sed
862 2511 962 2544 non
1001 2497 1303 2556 necessarias
1344 2511 1453 2544 esse
1491 2497 1790 2558 profitemur.
1870 2500 2082 2548 Saeculo

240 2604 358 2651 ergo
383 2602 473 2634 xvi
500 2602 615 2634 cum
642 2587 811 2633 Patres
837 2584 992 2632 nostri
1025 2585 1284 2646 liturgiam,
1313 2583 1364 2631 in
1408 2600 1551 2632 usum
1590 2594 1690 2633 tam
1732 2585 1892 2648 plebis
1933 2603 2080 2648 quam

240 2678 358 2726 cleri
385 2677 683 2733 ordinarent,
706 2689 865 2736 paene
890 2674 954 2721 ad
979 2672 1192 2736 origines
1213 2673 1661 2722 Romanas-reversi
1687 2683 1816 2722 sunt.
1868 2677 2080 2738 Utrique

237 2767 387 2824 enim,
414 2774 464 2813 et
512 2766 680 2810 Patres
717 2777 887 2810 eorum
925 2760 1097 2821 sancti,
1135 2770 1183 2808 et
1221 2760 1391 2820 nostri,
1420 2776 1546 2822 quos
1585 2770 1847 2811 novatores
1889 2763 2077 2822 dicunt,

242 2855 445 2906 eosdem
488 2852 642 2899 duces
681 2849 946 2898 fidissimos
989 2850 1335 2912 sequebantur,
1380 2850 1655 2896 Dominum
1698 2858 1748 2898 et
1794 2851 2078 2912 Apostolos

243 2946 391 2992 Nunc
416 2956 533 2989 vero
567 2939 806 2988 ecclesiae
840 2938 1110 2986 hodiernae
1145 2938 1404 2985 Romanae
1423 2938 1720 2999 exemplum,
1749 2953 1876 3000 quae
1901 2948 2005 2988 tota
2027 2942 2079 2988 in

241 3030 499 3082 offerendo
533 3026 776 3076 sacrificio
812 3034 1099 3087 occupatur,
1126 3026 1266 3086 quasi
1302 3025 1552 3087 exemplar
1575 3024 1777 3073 unicum
1804 3026 1949 3075 nobis
1974 3043 2082 3090 pro-

297 3139 468 3179 XVIII.
501 3136 518 3160 3
545 3137 731 3184 Epistola
756 3133 775 3182 ἓ
803 3134 878 3173 106
907 3147 949 3185 p.
990 3145 1059 3172 111
1098 3134 1179 3191 επεὶ.Χ
1203 3134 1449 3180 Stevenson‚
1489 3132 1605 3183 1838,
1642 3133 1712 3184 qui
1746 3134 2080 3176 benedictionem

242 3209 442 3245 memorat
463 3204 581 3253 “qua
592 3200 808 3239 initiantur
823 3199 1081 3238 sacerdotum
1100 3199 1164 3237 vel
1182 3198 1459 3236 ministrorum
1478 3196 1667 3236 manus.”
1711 3198 1867 3236 Unctio
1883 3213 2079 3240 manuum

236 3270 566 3323 presbyterorum
588 3272 625 3303 et
647 3265 915 3303 diaconorum
947 3264 989 3302 in
1013 3263 1351 3302 Sacramentariis
1371 3261 1614 3313 Anglicanis
1634 3263 1891 3302 saeculorum
1923 3279 1946 3303 x
1977 3270 2018 3304 et
2038 3265 2080 3304 xi

245 3332 547 3386 praescribitur.

296 3397 464 3435 XVIII.
499 3395 513 3417 ⁴
544 3393 696 3433 Confer
722 3394 837 3431 Com.
874 3393 912 3430 T
908 3392 985 3430 rid.
1020 3392 1116 3430 Sacs.
1146 3390 1244 3429 xxiii
1265 3390 1429 3429 desacr.
1463 3390 1547 3429 ord.
1584 3403 1737 3428 canone
1768 3405 1806 3438 v,
1838 3393 1951 3442 quod
1984 3405 2077 3432 cum

240 3462 428 3500 videatur
449 3460 666 3498 admittere
687 3459 727 3496 in
749 3457 1010 3496 ordinatione
1038 3455 1276 3494 unctionem
1303 3457 1328 3474 “
1347 3467 1427 3492 non
1453 3454 1646 3505 requiri,’'
1666 3455 1987 3495 anathematizat
2008 3469 2079 3496 eos

240 3526 308 3576 qui
332 3537 435 3569 eain,
461 3530 500 3561 et
521 3523 621 3560 alias<
642 3522 796 3560 ordinis·
816 3520 1072 3566 cerimonias,
1110 3522 1136 3538 ‘⁴
1156 3519 1480 3559 contemnendas
1501 3526 1539 3557 ct
1563 3519 1837 3568 perniciosas·
1859 3520 2018 3560 dixerit.
