2216 3964
1028 301 1086 346 31

141 417 356 480 ponitur.
433 419 584 479 Quod
610 435 638 466 a
663 420 798 482 Papa
840 427 939 467 tam
984 427 1181 469 strenue
1212 420 1394 469 factum
1422 429 1509 479 est,
1538 430 1591 470 ut
1629 420 1839 471 scribere
1880 436 1981 477 non

142 505 336 555 dubitet
384 506 446 555 de
489 506 740 556 Ordinalis
782 510 938 556 nostri
974 509 1205 571 precibus
1243 510 1522 558 “consulto
1561 510 1836 558 detractum
1875 525 1980 558 esse

144 593 391 656 quidquid
429 593 480 642 in
516 595 611 643 ritu
647 596 895 644 catholico
950 592 1242 659 dignitatem
1279 605 1330 645 et
1365 596 1529 646 officia
1582 597 1842 647 sacerdotii
1881 614 1984 660 per-

145 681 316 744 spicue
341 681 592 746 designet''
621 682 671 748 (§
705 684 771 744 7).

212 773 279 819 At
303 787 394 819 nos
420 771 629 819 fidenter
654 770 915 819 asserimus
942 769 1180 820 Ordinale
1219 781 1458 831 nostrum,
1486 773 1534 819 in
1579 772 1671 820 hac
1697 775 1980 835 praesertim

145 874 210 918 re,
241 858 520 907 Pontificali
548 860 780 907 Romano
806 857 948 907 variis
974 858 1134 907 modis
1160 868 1420 922 praestare,
1459 876 1573 908 curn
1612 869 1660 909 et
1685 876 1743 908 ea
1763 876 1890 923 quae
1926 877 1982 909 ex

89 958 92 960 ’
145 947 456 997 institutione
500 946 683 996 Christi
733 948 795 995 ad
855 956 1078 995 naturam
1130 948 1392 997 sacerdotii
1452 950 1663 998 attinent
1713 948 1761 1014 (ξ
1817 950 1886 1012 9),
1936 960 1984 998 et

146 1037 374 1086 effectum
416 1035 597 1084 rituum
638 1034 993 1084 catholicorum
1042 1035 1092 1083 in
1131 1036 1354 1086 Ecclesia
1402 1039 1628 1086 universa
1675 1039 1981 1098 usitatorum,

143 1123 320 1173 clarius
346 1133 394 1174 et
431 1124 624 1172 fidelius
664 1123 917 1186 exprimat.
995 1126 1147 1185 Quod
1190 1141 1247 1174 ex
1291 1127 1558 1175 collatione
1597 1127 1898 1175 Pontificalis
1937 1136 1982 1175 et

145 1213 410 1271 Ordinalis,
438 1221 609 1261 nostro
635 1212 836 1274 quidem
867 1210 1066 1272 iudicio,
1096 1213 1290 1260 ostendi
1316 1222 1496 1275 potest.

213 1301 444 1349 Formula
469 1301 700 1348 Romana
725 1298 898 1362 incipit
935 1315 1047 1347 cum
1086 1299 1485 1362 praesentatione
1526 1303 1590 1349 ab
1616 1300 1984 1350 Archidiacono

143 1390 273 1438 facta
320 1397 369 1438 et
422 1389 606 1451 duplici
667 1389 987 1437 adlocutione
1046 1387 1281 1450 episcopi,
1347 1390 1502 1451 prima
1570 1391 1633 1438 ad
1692 1391 1875 1439 clerum
1939 1402 1985 1440 et

143 1479 400 1541 populum,
453 1477 673 1526 secunda
721 1477 784 1525 ad
833 1475 1260 1526 ordinandos—in
1319 1477 1635 1528 ordinatione
1678 1481 1809 1528 enirn
1859 1497 1987 1542 pres-

146 1563 302 1630 byteri
326 1581 533 1615 examen
571 1566 762 1614 nullum
806 1564 1004 1628 publice
1050 1566 1119 1614 fit.
1190 1564 1421 1628 Sequitur
1463 1566 1714 1629 impositio
1748 1584 1985 1617 manuum

147 1652 386 1718 episcopi,
415 1662 465 1703 et
505 1654 688 1703 deinde
727 1654 1124 1716 presbyterorum
1168 1655 1519 1715 assistentium,
1545 1656 1650 1704 sine
1693 1657 1804 1706 ullis
1829 1657 1989 1706 verbis

145 1743 355 1803 effecta3
414 1742 476 1792 de
525 1758 626 1804 quo
674 1743 767 1790 ritu
817 1742 1051 1804 perplexo
1101 1742 1376 1792 Cardinalis
1436 1744 1499 1792 de
1549 1746 1690 1807 Lugo
1750 1744 1985 1794 iudicium

146 1830 402 1880 citavimus
442 1829 570 1895 (cap.
606 1829 714 1894 xv).
792 1830 990 1879 Deinde
1028 1829 1261 1878 dicuntur
1306 1833 1554 1880 orationes
1602 1842 1698 1882 tres
1740 1835 1985 1896 antiquae,

145 1919 275 1968 duae
321 1919 494 1968 breves
536 1927 584 1967 et
633 1918 926 1967 Benedictio
965 1919 1157 1981 longior
1184 1918 1312 1983 (cap.
1339 1919 1454 1982 xm),
1484 1935 1612 1982 quae
1649 1921 1712 1969 ab
1750 1920 1987 1984 episcopo

147 2007 404 2056 “extensis
466 2007 695 2056 manibus
757 2015 871 2056 ante
933 2008 1152 2069 pectus’'
1204 2007 1297 2055 iam
1349 2008 1541 2057 dicitur.
1640 2010 1798 2069 Hace,
1858 2026 1986 2072 quae

146 2094 197 2143 in
267 2095 488 2158 antiquis
565 2093 704 2143 libris
784 2098 812 2119 “
840 2096 1218 2144 Consecratio'’
1295 2095 1492 2155 dicitur,
1565 2097 1629 2146 ab
1705 2099 1988 2147 auctoribus

145 2183 402 2247 probatis,1
460 2193 574 2247 post
633 2183 905 2244 Morinum,
955 2199 1069 2232 vera
1127 2184 1453 2234 ordinationis
1509 2187 1769 2235 Romanae
1828 2189 1987 2236 forma

144 2272 373 2332 creditur,
411 2281 599 2321 etcum
627 2272 947 2335 impositione
985 2288 1223 2321 manuum
1251 2273 1369 2322 olim
1405 2275 1515 2323 sine
1542 2275 1698 2324 dubio
1723 2276 1987 2339 coniunge-

146 2361 318 2410 batur:
372 2376 509 2409 nunc
555 2376 685 2420 ver0‚
735 2369 790 2409 ut
832 2361 881 2408 in
926 2361 1318 2411 Confirmatione
1367 2363 1421 2411 fit
1464 2360 1591 2425 (cap.
1644 2362 1720 2425 x),
1765 2366 1987 2413 extensio

147 2464 386 2498 manuum
433 2465 523 2512 pro
562 2449 878 2512 impositione
915 2449 1193 2509 adhibetur,
1233 2465 1325 2498 nec
1364 2458 1530 2499 tamen
1569 2449 1675 2514 ipsa
1711 2455 1987 2502 necessaria

147 2536 375 2587 creditur.
473 2539 635 2596 Certe,
698 2538 737 2585 si
797 2535 1134 2586 ordinationes
1199 2539 1459 2587 Romanae
1512 2541 1746 2602 antiquae
1806 2542 1984 2599 valent,

146 2627 242 2675 hac
301 2625 525 2674 oratione
580 2625 715 2674 dicta
772 2625 1019 2674 ordinatio
1084 2627 1480 2690 presbyterorum
1542 2628 1691 2676 etiam
1755 2645 1888 2678 nunc
1936 2632 1985 2679 in

148 2714 246 2763 ista
287 2713 498 2762 ecclesia
544 2713 762 2776 perfecta
813 2722 898 2762 est.
988 2714 1079 2762 Illa
1128 2714 1262 2763 enim
1311 2716 1469 2764 forma
1520 2732 1647 2778 quae
1691 2719 1842 2767 semel
1898 2734 1987 2781 pro

148 2803 316 2866 aliquo
375 2811 682 2851 sacramento
739 2802 995 2851 Ecclesiae
1060 2804 1317 2864 suffecerit,
1380 2812 1428 2853 et
1484 2805 1649 2853 adhuc
1698 2805 1881 2856 intacta
1940 2818 1989 2857 et

148 2891 336 2955 integra
396 2890 674 2951 retineatur,
726 2891 901 2939 eadem
962 2900 1130 2940 mente
1189 2900 1379 2940 retenta
1439 2892 1571 2941 credi
1632 2892 1821 2954 debet3
1895 2911 1989 2944 nec

150 2979 255 3028 sine
331 2979 585 3042 sacrilegio
647 2980 868 3041 quodam
930 2980 1075 3028 asseri
1142 2989 1308 3043 potest
1381 2996 1489 3028 eam
1554 2981 1786 3030 virtutem
1847 2999 1987 3032 suam

151 3067 438 3130 perdidisse,
506 3083 620 3115 cum
686 3069 780 3115 alia
845 3077 958 3130 post
1023 3083 1132 3116 earn
1199 3067 1346 3116 tacite
1412 3068 1580 3116 addita
1657 3068 1764 3119 sint.
1875 3073 1990 3120 Pro-

151 3154 367 3218 positum
427 3171 543 3204 vero
601 3155 752 3217 partis
813 3144 1098 3221 recentioris
1150 3157 1390 3204 formulae
1447 3158 1708 3205 Romanae
1770 3173 1870 3206 non
1938 3159 1988 3207 id

151 3251 283 3291 certe
329 3243 419 3290 fuit
466 3251 520 3291 ut
577 3252 766 3305 partem
826 3242 1154 3306 antiquiorem
1214 3243 1260 3292 vi
1318 3246 1513 3305 propria
1560 3255 1819 3295 evacuaret
1839 3264 1853 3308 3
1901 3249 1989 3296 sed

153 3347 254 3380 non
321 3332 485 3392 inepte
555 3332 686 3380 credi
750 3340 913 3394 potest
990 3333 1087 3379 hoc
1165 3330 1326 3389 fuisse,
1391 3339 1445 3379 ut
1526 3333 1807 3381 sacerdotes
1888 3332 1986 3381 iam

207 3451 328 3491 XIX.
362 3450 377 3474 1
407 3450 512 3488 Vide
548 3451 737 3490 Martene
768 3450 815 3488 de
841 3456 927 3489 ant.
953 3451 1041 3490 ιἰϊί.
1065 3451 1131 3488 ris.
1162 3461 1173 3488 1
1210 3463 1300 3501 cap.
1326 3459 1413 3488 VIII
1449 3456 1523 3490 art.
1552 3461 1599 3488 lx
1634 3448 1653 3498 ξ
1682 3450 1728 3490 18
1750 3458 1777 3490 t.
1796 3452 1824 3490 ii
1845 3466 1884 3504 p.
1911 3464 1991 3504 320

154 3515 216 3555 ed.
246 3515 411 3553 Rotom.
444 3524 559 3563 1700,
584 3520 622 3553 et
652 3515 846 3566 Gasparri
876 3515 1008 3554 Tracl.
1039 3515 1141 3554 Can.
1169 3515 1259 3553 (Aue.
1285 3514 1369 3552 ovd.
1399 3511 1420 3561 ἓ
1448 3523 1560 3564 1059.
1625 3515 1738 3555 Paris
1764 3515 1876 3567 1893.
