2216 3964
1030 324 1088 369 13

155 457 158 459 ’
202 445 284 493 De
307 459 406 506 qua
430 459 579 493 causa
602 442 684 492 hic
707 443 923 492 breviter
956 443 1333 505 respondemUS,
1370 458 1485 490 curn
1527 450 1729 504 propter
1753 439 1986 489 tenebras

133 533 182 583 S.
200 533 382 582 Officio
401 534 741 593 circumfusaS,
762 540 811 582 et
827 531 879 580 in
897 530 1073 581 litteris
1095 532 1260 594 Papae
1277 546 1452 594 parurn
1473 527 1986 593 dissipatas,dilucide

131 622 330 670 tractari
372 637 473 671 non
517 620 687 684 possit.
762 620 916 682 Quod
963 618 1161 682 plenius
1209 618 1310 669 dici
1347 619 1505 682 possit
1546 621 1596 667 in
1635 616 1987 681 Appendicem

132 708 412 760 reiecimus.
487 712 714 773 Quatuor
750 718 917 758 autem
945 716 1061 757 sunt
1085 707 1353 771 praecipue
1389 710 1608 757 rationes
1633 716 1838 770 propter
1861 722 1986 770 quas

138 799 262 850 haec
287 815 438 849 causa
463 801 661 848 infirmo
687 807 736 848 et
760 797 1015 847 imbecillo
1039 798 1370 846 fundamento
1408 796 1579 846 iudicii
1611 795 1717 845 eius
1743 796 1983 845 videatur.

137 887 404 952 ImprimiS,
417 905 532 938 cum
558 890 664 952 ipse
677 888 887 938 Gordon
914 886 1116 950 proprio
1132 895 1271 935 motu
1289 895 1452 935 oraret
1466 894 1519 935 ut
1537 886 1736 935 ordines
1751 887 1985 934 Romano

59 1043 64 1045 Λ
133 975 231 1027 ritu
269 977 558 1041 susciperet,
585 993 736 1027 causa
772 992 832 1026 ex
863 977 1016 1025 altera
1052 984 1191 1038 parte
1228 991 1330 1024 non
1364 974 1537 1024 audita
1571 984 1657 1024 est.
1732 974 1983 1032 Secund0‚

133 1063 308 1129 petitio
331 1067 438 1116 eius
462 1067 680 1116 fabulam
706 1064 850 1114 istam
869 1062 1222 1127 cauponariam
1243 1079 1332 1127 pro
1357 1065 1690 1113 fundamento
1716 1062 1907 1122 habuit,
1935 1072 1985 1112 et

136 1153 411 1203 mendaciis
453 1155 517 1204 de
553 1156 648 1204 ritu
691 1163 861 1203 nostro
897 1154 1066 1202 vitiata
1101 1154 1206 1202 fuit.
1280 1152 1466 1212 Terti0,
1508 1168 1637 1201 nova
1680 1153 1987 1201 documenta

138 1241 403 1308 “integrae
429 1243 572 1299 fidei''
597 1261 626 1293 a
652 1246 787 1307 Papa
815 1242 965 1292 citata
1006 1243 1174 1292 adhuc
1199 1242 1493 1306 ambagibus
1519 1243 1742 1291 involuta
1767 1251 1897 1301 sunt,
1937 1251 1987 1291 et

135 1331 243 1395 ipse
290 1334 355 1382 de
402 1349 573 1382 eorum
623 1336 795 1382 tenore
843 1341 892 1382 et
940 1333 1198 1396 sententia,
1250 1332 1391 1394 quasi
1435 1334 1664 1390 incertuS,
1728 1331 1988 1394 disputat.¹

141 1422 347 1483 Quart0,
376 1421 631 1471 decretum
668 1422 714 1470 S.
749 1422 827 1482 O.,
868 1422 908 1469 si
948 1421 1071 1469 illud
1106 1436 1222 1468 cum
1267 1421 1453 1468 iudicio
1480 1422 1644 1483 Papae
1682 1422 1990 1470 concordare

139 1518 441 1573 reputemuS,
483 1509 563 1558 vix
601 1507 859 1559 conciliari
902 1518 1068 1572 potest
1111 1525 1226 1557 curn
1268 1511 1597 1572 responsione
1641 1511 1985 1559 consultorum

142 1597 369 1648 eiusdem
407 1599 454 1648 S.
483 1599 544 1649 O.
572 1600 636 1648 de
660 1597 970 1661 Aethiopum
1009 1597 1425 1657 ordinationibus,
1455 1614 1582 1661 quae
1602 1607 1719 1648 ante
1756 1599 1863 1648 dies
1889 1600 1988 1648 fere

145 1695 261 1737 octo
304 1688 484 1736 dicitur
509 1688 639 1748 data,
669 1696 719 1737 et
745 1703 773 1736 a
799 1688 1045 1750 theologis
1071 1686 1314 1736 Romanis
1350 1703 1508 1750 usque
1543 1689 1608 1737 ad
1633 1704 1822 1736 annum
1861 1689 1984 1750 1893

142 1792 232 1840 pro
251 1777 560 1827 documento
579 1777 871 1827 auctoritate
896 1776 1122 1841 praedito
1144 1779 1339 1841 saepius
1365 1779 1498 1827 edita
1523 1779 1626 1826 fuit.
1682 1779 1988 1827 Proferenda

142 1874 257 1916 sunt
282 1881 399 1930 ergo
423 1869 592 1916 omnia
618 1866 711 1916 ista
735 1868 1039 1917 documenta
1066 1867 1106 1916 si
1133 1883 1211 1916 res
1237 1883 1297 1916 ex
1324 1883 1490 1930 aequo
1518 1867 1789 1916 iudicanda
1815 1870 1889 1916 sit.

207 1957 272 2004 In
313 1957 412 2006 fine
451 1957 726 2006 notandum
765 1965 839 2006 est
864 1958 1073 2007 Gordon
1108 1973 1362 2019 nunquam
1401 1958 1527 2006 ultra
1553 1955 1750 2006 ordines
1777 1956 1994 2006 minores

138 2046 191 2094 in
217 2044 427 2095 ecclesia
451 2047 683 2095 Romana
719 2045 1031 2109 processisse.
1105 2045 1233 2096 Satis
1266 2045 1398 2096 enirn
1433 2047 1550 2096 fecit
1575 2054 1767 2095 tantum
1796 2056 1848 2096 ut
1875 2063 1992 2110 pen-

141 2131 283 2182 sione
307 2148 367 2183 ex
391 2131 692 2196 quibusdam
716 2134 973 2183 beneficiis
998 2132 1248 2183 aleretur.2

207 2280 359 2328 VIII.
400 2281 536 2330 Bene
561 2289 693 2330 certe
717 2282 835 2330 fecit
866 2282 1002 2344 Papa
1036 2281 1121 2343 qui
1155 2281 1206 2328 in
1241 2281 1316 2328 his
1351 2282 1610 2329 sententiis
1643 2289 1745 2329 tam
1784 2282 1991 2331 infirmis

143 2384 244 2420 non
262 2369 702 2433 adquieverit‚·sed·
718 2385 821 2419 rem
838 2371 902 2419 de
923 2386 1056 2418 novo
1076 2371 1441 2419 retractandam
1465 2369 1738 2431 censuerit3
1765 2371 1993 2433 quamvis

143 2460 244 2510 hoc
267 2461 433 2522 specie
447 2461 614 2523 potius
631 2476 780 2522 quam
801 2475 852 2508 re
867 2459 1051 2508 facturn
1070 2458 1308 2508 videatur.
1362 2460 1492 2509 Cum
1519 2461 1653 2508 enirn
1670 2476 1820 2509 causa
1845 2460 1910 2510 ab
1931 2477 1992 2510 eo

145 2549 212 2598 ad
247 2548 294 2597 S.
323 2548 558 2598 Officium
584 2548 749 2597 delata
774 2547 931 2606 fuerit,
959 2557 1154 2596 constat
1191 2548 1326 2608 illud,
1356 2547 1705 2597 traditionibus
1742 2551 1842 2598 suis
1878 2566 1995 2599 con-

145 2636 388 2698 strictum,
415 2639 495 2686 vix
519 2636 740 2701 potuisse
765 2654 793 2686 a
818 2636 1003 2686 iudicio
1029 2639 1078 2685 in
1106 2653 1254 2686 causa
1281 2638 1602 2686 Gordoniana
1627 2640 1742 2698 lat0,
1765 2641 1993 2702 quamvis

145 2729 276 2778 male
299 2727 523 2788 fundam,
551 2727 825 2776 dissentire.

214 2819 367 2866 Porro
402 2832 518 2866 cum
554 2832 655 2866 rem
693 2815 852 2879 ipsam
889 2815 1084 2879 attingit
1120 2825 1169 2864 et
1207 2815 1421 2866 Concilii
1457 2816 1739 2866 Tridentini
1776 2821 1995 2882 vestigiis

145 2904 340 2966 insistit,
368 2890 491 2954 nihil
516 2920 545 2953 a
563 2905 891 2954 fundamento
926 2903 1098 2954 iudicii
1122 2906 1228 2953 eius
1255 2906 1502 2954 sententia
1538 2915 1707 2955 nostra
1742 2908 1991 2958 abhorret.

147 2993 411 3045 Materiam
450 2992 775 3043 ordinationis
822 3002 955 3043 recte
1003 2994 1124 3042 dicit
1170 2992 1545 3056 impositionem
1585 3011 1837 3045 manuum.
1914 2998 1994 3046 De

199 3131 302 3171 VII.
328 3130 343 3156 ¹
373 3129 526 3171 Confer
546 3130 798 3181 Apostolicae
813 3143 936 3169 curae
952 3143 1033 3170 sec.
1061 3137 1083 3180 5
1102 3144 1111 3170 ε
1138 3129 1166 3150 “
1182 3130 1300 3182 Quae
1319 3129 1540 3178 sententia,
1558 3130 1598 3169 id
1620 3143 1719 3169 sane
1733 3131 1996 3172 considerare

140 3195 280 3244 refert,
308 3208 362 3235 ne
388 3209 412 3235 a
450 3194 612 3234 defectu
643 3194 812 3247 quidem
841 3195 1078 3233 traditzbm's
1113 3195 1484 3234 instawnentorum
1523 3194 1751 3246 quidquam
1791 3197 1995 3236 momenti

141 3260 286 3300 duxit:
317 3265 415 3299 tunc
435 3259 544 3298 enim
566 3258 863 3311 praescriptum
898 3259 950 3298 de
984 3271 1099 3298 more
1132 3264 1240 3299 esset
1279 3264 1323 3298 ut
1355 3258 1563 3297 ordinatio
1591 3258 1664 3296 sub
1688 3258 1916 3298 conditione
1932 3260 1994 3300 in-

142 3323 419 3365 s'tauraretur'’
440 3336 474 3363 e.
493 3337 531 3376 q.
551 3337 581 3363 s.
645 3324 763 3374 Quae
797 3323 1115 3376 argumentandi
1148 3323 1254 3363 ratio
1293 3324 1417 3374 longe
1450 3324 1566 3362 abest
1597 3336 1620 3362 a
1648 3323 1846 3363 citatione
1866 3324 1994 3365 docu-

143 3389 275 3430 menti
286 3388 546 3442 perspicacis.
608 3388 718 3428 Vide
737 3388 1040 3441 Appendicem.

199 3464 302 3505 VII.
327 3465 343 3491 Β
365 3464 473 3503 Vide
496 3464 556 3502 Le
577 3463 715 3514 Quien
737 3462 907 3502 Nullile‘
919 3463 984 3503 des
1004 3463 1101 3503 ord.
1128 3464 1393 3514 Anglicanes,
1412 3463 1538 3501 Paris
1563 3471 1678 3514 1725,
1702 3463 1743 3503 ii.
1763 3477 1832 3517 pp.
1856 3476 1934 3517 312
1958 3474 1998 3508 et

150 3537 241 3581 315.
