2216 3964
1134 373 1166 415 4

337 522 423 569 IX.
467 520 738 569 Doctrinae
781 518 1108 567 scholasticae
1147 517 1212 566 de
1253 518 1459 566 materia
1497 524 1545 565 et
1577 517 1740 564 forma
1773 527 1928 564 sacra-

533 617 815 657 mentorum
857 621 959 654 non
1002 605 1211 653 nimium
1248 603 1576 654 insistendum
1611 612 1720 654 est:
1767 603 1929 651 solum

1975 466 2062 490 PAG.

537 698 670 746 enim
698 694 954 758 Baptisma
973 695 1181 744 omnino
1206 703 1365 743 certas
1389 693 1542 742 habet
2006 704 2069 746 14

364 808 423 855 X.
465 807 617 867 Quod
643 821 702 855 ex
733 807 827 854 ritu
854 802 1259 856 Confirmationis
1283 804 1477 866 plenius
1501 799 1778 852 ostenditur
2009 810 2064 860 15

336 917 426 964 XI.
466 915 708 965 Doctrina
753 913 1048 964 Tridentino.
1095 914 1158 962 de
1205 911 1445 962 sacrificio
1498 907 1841 960 Eucharistico
1887 914 1938 956 et

538 1006 718 1055 Canon
745 1005 924 1053 missae
949 1019 1063 1052 cum
1091 1005 1309 1066 Liturgia
1334 1011 1501 1051 nostra
1527 1005 1876 1063 comparantur
2011 997 2070 1043 16

310 1117 429 1163 XII.
471 1115 826 1178 Respondetur
871 1115 1173 1176 argumentis
1221 1112 1284 1161 de
1331 1111 1501 1160 formis
1554 1107 1841 1160 necessariis
1886 1106 1940 1156 in

533 1201 830 1266 presbyteris
871 1212 920 1251 et
961 1199 1209 1266 episcopis
1247 1199 1501 1259 faciendiS,
1541 1198 1940 1250 collationesor·

538 1307 731 1341 marum
780 1307 907 1355 quae
956 1293 1152 1340 Romae
1198 1291 1407 1340 saeculis
1461 1304 1523 1337 111
1569 1297 1621 1339 et
1655 1303 1708 1336 VI
1756 1289 1807 1336 in
1847 1302 1940 1336 usu

537 1388 678 1430 erant

277 1491 429 1539 XIII.
472 1488 753 1553 Episcopos
792 1488 914 1537 nihil
963 1489 1107 1538 refert
1159 1489 1426 1536 “summos
1463 1485 1775 1536 sacerdotes''
1810 1482 1941 1541 dici;

538 1593 701 1640 neque
743 1578 891 1627 etiam
940 1576 1265 1625 “sacerdotes
1284 1576 1309 1597 ''
1343 1574 1394 1623 in
1433 1572 1803 1624 consecratione
1839 1561 1954 1622 dici'

539 1681 744 1716 necesse
804 1674 892 1723 est,
955 1680 1070 1713 curn
1134 1662 1382 1712 ordinatio
1446 1661 1795 1726 episcoporum
1847 1668 1946 1724 per

537 1757 718 1803 saltum
744 1763 969 1817 tempore
994 1751 1261 1802 exoleverit

291 1865 432 1913 XIV.
473 1864 826 1928 Respondetur
849 1861 1146 1927 argumentis
1183 1861 1381 1911 duobus
1413 1877 1442 1910 a
1468 1863 1603 1924 Papa
1634 1859 1862 1919 maxime,
1889 1868 1944 1908 ut

537 1953 744 2011 videtur,
783 1951 1083 2013 approbatiS‚
1111 1965 1321 2012 quorum
1357 1948 1571 2012 primum
1596 1957 1671 1998 est
1696 1949 1759 1998 de
1782 1947 1943 1998 verbis

542 2041 593 2088 in
640 2042 800 2089 forma
842 2054 943 2088 A.D.
996 2041 1122 2087 1662
1161 2039 1375 2098 additis;
1436 2048 1485 2088 et
1521 2039 1671 2101 priori
1722 2039 1837 2087 loco
1884 2038 1950 2087 de

540 2128 833 2177 sufficientia
882 2128 1070 2176 formae
1123 2125 1242 2175 anni
1298 2139 1424 2189 1550
1471 2128 1523 2174 in
1568 2127 1944 2175 consecratione

541 2215 764 2279 episcopi

323 2339 431 2386 XV.
472 2335 701 2387 Similiter
758 2336 823 2385 de
879 2337 1037 2385 forma
1094 2335 1319 2385 eiusdem
1365 2337 1480 2383 anni
1528 2334 1578 2384 in
1632 2335 1944 2386 ordinatione

539 2425 949 2488 presbyterorum.
1001 2421 1293 2473 Ostenditur
1315 2423 1444 2472 hanc
1463 2422 1579 2472 solis
1604 2425 1945 2475 sacerdotibus

544 2513 823 2562 convenire.
900 2512 1088 2560 Addita
1135 2512 1334 2561 fuerunt
1369 2512 1465 2560 alia
1498 2513 1648 2561 verba
1695 2514 1759 2562 ob
1809 2515 1944 2563 Pres-

549 2603 912 2663 byterianorum
938 2602 1212 2663 opiniones,
1231 2600 1451 2650 oratione
1477 2602 1783 2665 Omnipotens
1806 2604 1946 2652 Deus

546 2693 595 2738 in
639 2691 790 2738 alium
831 2690 997 2741 locum
1038 2697 1241 2738 remota.
1315 2691 1471 2739 Haec·
1492 2689 1699 2738 mutatio
1727 2690 1945 2742 animad-

546 2779 774 2828 versione
813 2775 964 2840 digna
1002 2785 1076 2826 est
1113 2793 1227 2825 cum
1267 2775 1371 2839 ipse
1398 2779 1532 2840 Papa
1567 2779 1630 2828 de
1655 2778 1944 2830 sufficientia

547 2868 732 2914 formae
772 2862 889 2913 anni
933 2865 1056 2911 1662
1097 2864 1320 2924 haesitet,
1348 2873 1397 2912 et
1421 2864 1642 2914 videatur
1679 2881 1944 2928 agnoscere

546 2951 866 3001 ordinationis
928 2959 1090 3013 partes
1147 2950 1394 3000 moraliter
1450 2950 1738 3001 coniunctas
1795 2970 1946 3003 unam

548 3039 794 3090 actionem
820 3039 1011 3088 efficere

302 3164 443 3211 XVI.
481 3160 712 3208 Secundo
759 3166 1052 3220 argumento
1099 3157 1427 3219 respondetur
1462 3159 1526 3207 de
1578 3158 1857 3208 cerimoniis
1899 3170 1947 3210 et

547 3247 851 3296 orationibus
876 3261 904 3293 a
929 3245 1156 3293 Patribus
1182 3243 1360 3293 nostris
1384 3247 1584 3294 resectis

271 3371 441 3418 XVII.
479 3369 649 3417 Tertio
687 3374 977 3428 argumento
1012 3365 1338 3426 respondetur
1373 3365 1437 3413 de
1472 3365 1748 3416 intentione
1780 3368 1947 3417 Eccle-

547 3457 648 3504 siae
672 3462 883 3511 nostrae,
910 3467 1038 3516 quae
1062 3461 1256 3501 constat
1274 3454 1538 3515 praecipue
1562 3470 1620 3503 ex
1644 3455 1948 3518 praefatione

548 3540 799 3592 Ordinalis
823 3548 873 3590 et
898 3541 1200 3590 orationibus
1229 3543 1258 3566 “
1276 3540 1659 3591 Eucharisticis’'

1923 1374 2072 1421 ‚18

2016 1764 2074 1796 21

1927 2251 1938 2262 .
2016 2231 2074 2263 22

2015 3058 2077 3102 24

1931 3263 2076 3309 ,27

2019 3544 2079 3590 28
