2216 3964
1026 326 1085 375 37

197 441 280 490 Ad
304 457 565 504 summam,
593 459 709 492 cum
733 445 799 493 ad
818 460 910 493 nos
947 445 1074 493 haec
1105 444 1276 492 omnia
1300 443 1507 492 nomine
1539 440 1677 504 pacis
1702 450 1753 490 et
1778 437 1980 488 unitatis

126 527 404 589 afferantur,
431 539 609 580 notum
635 532 870 581 omnibus
896 547 1006 581 esse
1040 532 1272 581 volumus
1307 547 1399 580 nos
1420 546 1583 593 aequo
1609 531 1784 578 saltem
1810 528 1980 577 studio

125 629 301 677 pacem
345 626 395 666 et
441 617 683 668 unitatem
730 619 782 667 in
832 621 1058 668 Ecclesia
1097 620 1344 683 prosequi.
1434 618 1578 680 Quae
1617 626 1784 666 autem
1831 617 1981 664 frater

127 713 299 754 noster
346 707 452 756 Leo
500 709 646 771 Papa*
686 710 824 757 XIII
873 707 925 756 in
973 706 1083 757 aliis
1131 709 1306 757 litteris
1347 708 1412 757 de
1453 716 1680 769 tempore
1705 705 1756 753 in
1781 713 1980 767 tempus

126 791 322 856 scripsit
362 794 633 858 aliquando
658 795 912 846 verissima
935 812 1058 857 esse,
1097 805 1147 845 et
1180 811 1376 859 semper
1407 796 1542 844 bona
1575 810 1690 842 cum
1722 794 1980 841 voluntate

126 879 322 942 scripta,
340 880 668 944 agnoscimus
735 884 1016 932 Discrimen
1053 881 1187 932 enim
1212 891 1261 932 et
1300 881 1598 946 disceptatio
1637 883 1763 930 inter
1802 896 1894 928 nos
1932 887 1981 927 et

125 963 265 1014 illum
289 983 350 1017 ex
387 967 581 1017 diversa
620 969 1028 1032 interpretatione
1069 969 1295 1019 eiusdem
1335 969 1590 1033 Evangelii
1627 968 1794 1029 oritur,
1840 967 1980 1032 quod

127 1056 274 1106 unice
297 1071 467 1106 verum
492 1073 668 1107 omnes
692 1057 943 1108 credimus
967 1067 1017 1109 et
1041 1074 1348 1109 veneramur.
1421 1059 1586 1107 Multa
1617 1057 1768 1107 etiam
1792 1059 1843 1105 in
1869 1059 1979 1120 ipso

125 1157 296 1194 amore
323 1153 373 1194 et
395 1148 668 1196 reverentia
692 1147 844 1211 digna
867 1162 975 1197 esse
998 1147 1210 1198 libenter
1234 1148 1539 1211 profitemur.
1611 1147 1713 1196 Sed
1736 1162 1872 1195 error
1895 1147 1979 1196 ille

123 1232 260 1296 apud
292 1234 554 1284 Romanos
595 1234 898 1285 inveteratus
930 1235 1107 1299 capitis
1144 1235 1350 1286 visibilis
1381 1252 1472 1299 pro
1509 1234 1711 1287 Christo
1742 1233 1979 1283 invisibili

125 1320 476 1382 substituendi,
543 1324 694 1372 verba
747 1322 853 1373 eius
917 1325 1053 1373 bona
1107 1325 1270 1373 fructu
1329 1325 1467 1386 pacis
1537 1321 1765 1387 privabit.
1838 1322 1978 1385 Quid

126 1407 356 1458 Christus
414 1425 531 1474 ergo
578 1410 789 1461 voluerit
835 1411 887 1460 in
946 1411 1222 1461 ministerio
1269 1410 1574 1476 Evangelico
1622 1412 1981 1461 constituendo

124 1495 389 1546 nobiscum
440 1499 699 1561 patienter,
747 1515 1067 1562 quaesumus,
1116 1501 1288 1549 fratres
1337 1498 1753 1559 reverendissimi,
1797 1515 1979 1562 expen-

123 1583 267 1633 datis,
339 1586 460 1635 Hoc
506 1586 639 1650 prius
674 1588 808 1637 facto
847 1589 945 1637 alia
990 1597 1261 1652 sequentur
1301 1597 1525 1652 tempore
1564 1604 1656 1638 suo
1691 1603 1808 1636 cum
1836 1590 1977 1637 Deus

122 1673 346 1723 voluerit.

193 1762 234 1810 F
235 1763 335 1811 axit
354 1764 495 1812 Deus
519 1773 574 1813 ut
599 1763 749 1814 etiam
774 1780 834 1815 ex
858 1766 1315 1829 hac-controversia
1339 1766 1523 1815 oriatur
1547 1764 1741 1828 plenior
1757 1762 1980 1813 veritatis

122 1850 314 1910 notitia,
340 1851 581 1915 patientia
622 1853 794 1915 maior,
821 1863 872 1904 et
911 1853 1125 1919 amplius
1166 1853 1304 1918 pacis
1341 1855 1647 1904 desiderium
1672 1856 1723 1902 in
1750 1854 1979 1903 Ecclesia

123 1936 324 2000 Christi,
350 1940 615 1991 Salvatoris
640 1944 829 1998 mundi.

1274 2149 1326 2196 F.
1366 2148 1750 2198 CANTUAR:

1270 2251 1602 2300 WILLELM
1626 2260 1638 2297 :
1687 2252 1874 2302 EBOR
1898 2260 1911 2297 :

195 2429 326 2477 Data
349 2437 426 2477 est
451 2430 575 2478 haec
601 2431 815 2492 epistula
838 2432 957 2480 seria
981 2440 1120 2481 sexta
1145 2429 1228 2481 die
1252 2446 1348 2480 xix

328 2515 513 2566 mensis
539 2517 795 2566 Februarii
823 2520 935 2568 ΑΒ.
970 2521 1109 2580 1897.
