2216 3964
1103 364 1162 405 24

274 479 382 525 XV.
427 480 600 526 Forma
626 493 824 540 quoque
849 480 1118 541 presbyteri
1143 478 1355 528 faciendi
1381 480 1515 542 apud
1540 495 1631 527 nos
1661 495 1794 528 anno
1825 493 1952 542 1550
1990 488 2041 528 et

204 574 379 626 postea
397 581 556 627 aeque
575 565 758 615 idonea
782 567 885 615 fuit.
950 568 1189 616 Oratione
1215 566 1347 615 enirn
1375 566 1717 616 Eucharistica
1733 568 1886 628 finita,
1907 582 2035 630 quae

205 653 269 700 ad
295 651 660 702 institutionem
684 653 888 702 Domini
908 653 1063 703 nostri
1085 664 1277 703 mentes
1295 662 1488 704 nostras
1508 663 1720 715 revocat,
1739 654 2039 718 sequebatur

210 741 460 802 impositio
501 757 737 789 manuum
780 741 843 790 ab
883 743 1141 805 Episcopo
1180 758 1292 790 curn
1333 742 1672 792 sacerdotibus
1698 741 2038 792 assistentibus

208 829 337 876 facta
377 830 456 876 cui
499 831 773 878 coniuncta
808 839 880 878 est
905 831 1064 878 forma
1090 829 1381 893 imperativa
1407 847 1466 879 ex
1491 830 1771 879 Pontificali
1797 830 2038 890 desumta,

211 917 300 965 sed
343 918 518 966 eadem
563 919 756 979 plenior
805 928 852 967 et
895 918 1100 981 gravior.
1194 918 1294 981 (Cf.
1347 934 1453 981 cap.
1506 918 1639 982 X1x).
1725 920 1846 967 Post
1891 919 2041 968 verba

210 1003 343 1052 enim
424 1005 665 1068 “Accipe
742 1005 976 1068 Spiritum
1053 1015 1279 1055 sanctum
1305 1007 1330 1028 '²
1391 1005 1633 1056 continuo
1691 1006 2043 1069 sequebantur,

211 1101 263 1140 ut
318 1094 367 1140 in
422 1092 704 1142 Pontificali
753 1096 985 1143 Romano
1025 1095 1282 1153 hodierno,
1324 1097 1463 1157 quod
1510 1093 1690 1143 mirum
1740 1093 1791 1142 in
1835 1094 2039 1143 modum

209 1179 320 1229 silet
379 1182 527 1243 Papa,
583 1183 842 1243 “quorum
902 1180 1145 1231 remiseris
1200 1190 1406 1245 peccata
1462 1184 1781 1232 remittuntur
1827 1184 1899 1232 eis
1922 1201 1938 1245 3
1994 1191 2047 1232 et

208 1284 421 1330 quorum
464 1269 723 1318 retinueris
771 1280 962 1319 retenta
1010 1273 1186 1331 sunt;’'
1239 1279 1288 1319 et
1329 1272 1494 1320 statim
1527 1288 1555 1319 a
1598 1273 1825 1321 Patribus
1859 1273 2045 1321 nostris

208 1373 266 1405 ex
316 1356 590 1420 Evangelio
631 1357 697 1419 (S.
743 1359 863 1406 Luc.
910 1357 975 1406 xii
1019 1357 1104 1421 42)
1148 1366 1198 1407 et
1245 1359 1292 1406 S.
1338 1360 1494 1407 Paulo
1532 1363 1582 1422 (1
1635 1362 1705 1407 ad
1752 1361 1860 1408 Cor.
1901 1361 1949 1408 iv
1992 1360 2042 1423 1)

207 1448 336 1496 bene
375 1449 547 1497 addita
585 1450 678 1497 “et
715 1448 780 1496 sis
815 1449 975 1498 fidelis
1014 1450 1340 1511 Dispensator
1374 1450 1511 1498 verbi
1545 1451 1641 1498 Dei
1678 1458 1728 1499 et
1761 1459 2044 1500 sanctorum

206 1545 627 1585 sacramentorum
665 1536 799 1596 eius;
849 1538 898 1584 in
935 1536 1138 1585 nomine
1165 1535 1321 1586 Patris
1347 1546 1394 1586 et
1422 1537 1531 1585 Filii
1555 1548 1604 1587 et
1628 1538 1837 1601 Spiritus
1861 1541 2043 1589 Sancti.

209 1626 418 1673 Arnen.''
478 1626 620 1686 Quae
662 1626 818 1673 forma
855 1624 978 1674 nulli
1018 1625 1101 1674 alii
1141 1624 1365 1674 ministro
1402 1627 1638 1675 ecclesiae
1673 1627 1766 1675 nisi
1802 1625 2046 1676 sacerdoti

207 1713 447 1776 congruit,
492 1715 578 1776 qui
625 1724 674 1762 et
721 1724 1015 1776 potestatem
1054 1714 1268 1763 clavium
1305 1714 1454 1779 (quae
1496 1715 1721 1777 vocatur)
1769 1716 1949 1765 habeat
1995 1724 2047 1765 et

207 1801 413 1849 verbum
451 1809 501 1849 et
535 1802 768 1864 mysteria
805 1803 902 1851 Dei
943 1803 1132 1864 populo
1167 1803 1302 1851 solus
1337 1803 1487 1865 pleno
1522 1801 1626 1852 iure
1651 1804 1916 1867 dispenset,
1943 1805 2046 1854 sive

207 1889 255 1934 in
296 1886 636 1950 presbyteratu
679 1871 890 1949 maneat,
943 1889 1045 1938 sive
1082 1891 1132 1936 in
1179 1888 1522 1952 episcopatum
1547 1891 1611 1939 ad
1634 1891 1819 1939 maiora
1842 1906 2047 1941 munera

206 1984 465 2039 promotus
511 1977 671 2024 fuerit.
764 1974 963 2024 Deinde
1017 1977 1330 2038 sequebatur,
1384 1986 1438 2025 ut
1486 1992 1623 2025 nunc
1673 1979 1908 2040 sequitur,
1947 1978 2047 2028 col-

204 2061 325 2111 latio
389 2061 649 2125 potestatis
710 2061 1033 2125 praedicandi
1094 2072 1143 2112 et
1205 2063 1519 2113 ministrandi
1577 2073 1899 2125 sacramenta,
1959 2065 2047 2114 ubi

206 2151 317 2213 quis
388 2152 453 2200 ad
518 2151 645 2199 haec
711 2150 1010 2200 constitutus
1078 2152 1226 2201 fuerit
1294 2151 1532 2213 minister,
1602 2168 1717 2202 cum
1776 2151 2044 2203 traditione

204 2241 478 2291 Bibliorum
515 2257 781 2302 sacrorum,
809 2257 939 2304 quae
980 2250 1150 2291 nostro
1193 2241 1379 2291 iudicio
1415 2244 1743 2291 instrumenta
1775 2241 2045 2307 praecipua

202 2330 462 2380 ministerii
514 2330 641 2378 sacri
694 2339 821 2389 sunt,
873 2338 921 2378 et
968 2338 1135 2378 cetera
1186 2327 1237 2376 in
1286 2345 1339 2378 se
1387 2328 1542 2392 (iuxta
1589 2328 1778 2379 ordinis
1833 2331 2043 2393 gradum

201 2417 479 2483 proprium)
505 2418 951 2481 comprehendunt.
1026 2419 1092 2466 Et
1126 2419 1193 2467 ob
1229 2434 1428 2466 causam
1466 2417 1841 2468 Gordonianam
1878 2420 2043 2468 forsan

205 2525 308 2558 non
349 2507 526 2557 inutile
577 2509 723 2556 fuerit
781 2505 1039 2570 explicare,
1099 2508 1188 2555 has
1239 2507 1424 2556 formas
1483 2523 1585 2556 non
1631 2507 1795 2556 verbis
1847 2515 2038 2557 tantum

202 2599 292 2648 sed
330 2613 381 2647 re
421 2596 630 2646 differre.
708 2595 875 2644 Prima
927 2596 1078 2654 enirn,
1117 2611 1246 2657 quae
1283 2612 1396 2643 cum
1433 2594 1750 2658 impositione
1799 2612 2037 2646 manuum

203 2685 527 2749 coniungitur,
588 2683 828 2747 “Accipe
863 2682 1100 2746 Spiritum
1148 2685 1417 2732 sanctum’'
1465 2700 1579 2732 cum
1629 2683 1788 2733 verbis
1836 2699 2044 2747 sequen·

200 2774 347 2834 tibus,
401 2775 487 2823 dat
545 2774 807 2822 facultates
854 2780 904 2821 et
950 2780 1223 2834 potestates
1270 2771 1533 2822 sacerdotii
1579 2774 1846 2835 generales,
1884 2781 1950 2834 et,
1986 2781 2041 2822 ut

201 2862 302 2911 dici
354 2863 496 2921 solet,
545 2862 882 2909 characterem
935 2859 1192 2922 imprimit.
1287 2858 1518 2907 Secunda
1570 2867 1751 2919 autern,
1790 2874 1906 2907 cum
1953 2867 2046 2908 tra-

200 2949 393 2999 ditione
436 2949 727 3010 Bibliorum,'
772 2949 858 2997 dat
909 2947 1255 2997 auctoritatem
1313 2955 1367 2995 ut
1406 2948 1487 2995 ille
1530 2945 1617 3009 qui
1669 2947 1926 2996 ordinatus
1979 2945 2042 2996 sit

201 3040 314 3087 Deo
355 3037 555 3101 publice
596 3039 843 3086 ministret
877 3046 925 3085 et
966 3044 1263 3099 potestatem
1304 3043 1528 3084 exerceat
1569 3050 1717 3098 super
1739 3035 1914 3084 fideles
1950 3033 2037 3098 qui

198 3125 468 3189 unicuique
492 3128 542 3174 in
579 3125 817 3188 parochia
858 3141 946 3173 sua
978 3125 1055 3174 vel
1083 3139 1200 3194 cura
1234 3121 1511 3172 animarum
1537 3123 1885 3194 committendi
1908 3130 2036 3171 sunt.

202 3215 346 3274 Quae
382 3214 618 3262 mandata
659 3213 805 3262 simul
841 3212 1011 3263 iuncta
1048 3211 1216 3261 omnia
1254 3209 1529 3261 necessaria
1569 3209 1849 3259 sacerdotio
1875 3209 2041 3262 Chris·

201 3299 338 3349 tiano
374 3302 808 3364 comprehendunt
846 3310 909 3362 et,
939 3310 1109 3350 nostro
1146 3299 1347 3359 iudici0,
1374 3298 1550 3348 clarius
1586 3299 1858 3348 ostendunt
1881 3313 2031 3362 quam

198 3389 249 3435 in
274 3390 666 3438 sacramentariis
686 3398 735 3438 et
751 3389 1120 3452 pontificalibus
1143 3390 1330 3437 factum
1356 3396 1443 3436 est.
1497 3387 1675 3449 Neque
1694 3385 1828 3436 enim
1849 3401 2034 3435 nomen

198 3475 358 3536 ipsum
401 3476 735 3526 “sacerdotis''
773 3486 823 3526 et
863 3475 1041 3526 similia
1095 3477 1405 3526 declinamus
1445 3482 1531 3523 aut
1564 3476 1615 3522 in
1658 3475 1809 3541 Libro
1835 3481 2033 3536 precum

181 3564 493 3622 publicarum
529 3580 607 3612 seu
645 3565 907 3613 ministerii
946 3565 1271 3614 ecclast‘czsttkae
1300 3563 1742 3614 admimlctratiomk
1774 3575 2037 3610 sacramen-
