2216 3964
1102 321 1160 367 16

211 452 436 517 Eugenio
486 454 583 518 IV)
643 452 856 502 chrisma
905 452 1160 502 materiam
1214 466 1321 503 esse
1370 454 1570 516 docent,
1625 463 1675 505 et
1726 453 2048 519 impositione

212 558 449 590 manuum
495 544 543 590 in
584 543 682 591 hoc
706 544 799 591 ritu
826 543 961 591 nulla
985 551 1203 591 utuntur.
1276 541 1326 591 Si
1350 558 1467 606 ergo
1492 542 1720 592 doctrina
1744 544 1808 592 de
1843 542 2047 593 materia

212 639 260 678 et
299 631 457 682 forma
494 639 915 679 sacramentorum
941 639 1075 679 certa
1099 629 1409 680 admittenda
1445 641 1589 691 esset,
1617 630 1836 684 Romani
1870 645 2046 694 parum

213 727 346 767 recte
372 720 538 767 multis
563 728 692 768 retro
718 720 925 767 saeculis
957 718 1402 768 Confirmationem
1427 718 1841 779 ministraverunt,
1870 715 2048 768 Graeci

213 806 398 853 nullam
425 805 627 854 habent.
695 806 759 854 Et
778 807 941 868 plures
961 805 1164 868 quidem
1184 822 1243 855 ex
1267 807 1362 855 illis
1382 807 1751 869 corruptionem
1775 822 1804 854 a
1820 805 2048 854 Patribus

212 893 407 942 illorum
452 895 631 942 factam
671 910 722 942 re
762 896 1071 954 confitentur,
1117 894 1436 958 impositione
1473 910 1711 944 manuum
1749 910 1865 943 cum
1900 892 2053 947 chris·

214 983 434 1030 matione
475 981 656 1041 iuncta,
687 991 739 1030 ut
782 984 1080 1042 rescivimus,
1110 985 1279 1032 multis
1313 985 1363 1031 in
1387 984 1526 1042 lociS,
1555 992 1604 1032 et
1629 984 1822 1032 rubrica
1845 983 2052 1031 in-Pon-

214 1068 480 1118 tificalibus
514 1068 812 1131 quibusdam
852 1070 915 1118 de
958 1071 1052 1118 hac
1090 1086 1141 1119 re
1182 1071 1365 1119 addita.
1452 1072 1517 1119 Et
1557 1085 1792 1133 quaerere
1826 1067 1944 1118 licet
1985 1083 2049 1117 an

215 1158 509 1216 OrientaleS‚
546 1156 631 1219 qui
655 1158 719 1205 ad
745 1159 1003 1206 Romanos
1028 1167 1396 1219 convertantur,
1435 1160 1614 1207 iterum
1655 1158 2049 1209 Confirmatione

214 1248 431 1308 egeant?
484 1262 546 1293 an
599 1247 900 1294 confitentur
947 1248 1165 1295 Romani
1215 1262 1302 1295 eos
1350 1262 1565 1309 aequum
1618 1248 1693 1296 ius
1740 1249 1791 1295 in
1844 1244 2052 1295 materia

213 1333 525 1381 immutanda
550 1348 825 1395 usurpasse,
854 1332 981 1382 sicut
1006 1333 1097 1397 ipsi
1125 1335 1175 1381 in
1202 1335 1609 1397 corrumpenda?

283 1422 651 1484 Quodcumque
693 1421 1004 1484 responderit
1031 1425 1177 1485 Papa,
1207 1421 1324 1472 satis
1351 1424 1538 1471 clarum
1576 1431 1651 1472 est
1686 1422 1757 1471 illi
1793 1422 2052 1471 doctrinae

212 1511 276 1560 de
318 1511 478 1558 forma
515 1518 566 1558 et
612 1510 815 1559 materia
851 1511 1056 1559 definita
1097 1526 1199 1559 non
1240 1509 1428 1573 ubique
1456 1512 1671 1574 pressius
1695 1509 2027 1560 insistendum
2039 1527 2053 1570 3

213 1601 383 1648 omnia
408 1600 542 1648 enim
568 1608 875 1648 sacramenta
901 1599 1168 1659 Ecclesiae,
1205 1608 1414 1662 excepto
1445 1600 1759 1663 baptismate,
1786 1598 1974 1650 idcirco
1997 1598 2050 1647 in

213 1686 580 1737 dubitationem
603 1687 733 1736 trahi
757 1703 917 1750 posse.

281 1845 371 1893 XI.
412 1843 706 1906 Quaerimus
754 1860 870 1907 ergo
906 1859 1005 1906 qua
1042 1860 1099 1892 ex
1134 1844 1426 1893 auctoritate
1461 1845 1672 1893 formam
1709 1844 1965 1893 definitam
2003 1843 2054 1890 in

212 1933 362 1982 sacris
399 1933 654 1981 ordinibus
689 1933 941 1981 tradendis
967 1935 1101 1994 Papa
1126 1933 1402 1982 invenerit?
1471 1933 1837 1981 Testimonium
1861 1932 2052 1981 nullum

213 2022 277 2069 ab
296 2037 357 2069 eo
376 2021 597 2069 adlatum
622 2020 833 2069 vidimus
858 2021 951 2068 nisi
976 2022 1114 2069 locos
1139 2022 1241 2070 duo
1267 2037 1293 2069 e
1319 2022 1532 2072 Concilii
1557 2019 1837 2070 Tridentini
1859 2019 2054 2083 placitis

217 2111 343 2175 (sess.
372 2125 510 2157 xxm
537 2112 591 2157 de
618 2111 928 2158 Sacramenta
951 2111 1150 2170 ordinis,
1176 2126 1351 2158 canone
1368 2125 1399 2170 1,
1419 2118 1467 2159 et
1482 2126 1587 2158 sess.
1607 2124 1723 2157 xxn
1748 2111 1804 2158 de
1826 2109 2057 2171 sacrificio

216 2200 399 2258 missae,
427 2214 601 2245 canone
638 2203 740 2260 111),
769 2213 895 2260 quae
931 2207 1044 2260 post
1074 2197 1312 2248 Ordinale
1338 2207 1561 2247 nostrum
1587 2199 1921 2262 compositum
1945 2214 2056 2261 pro-

214 2288 434 2350 mulgata
459 2295 587 2345 sunt,
622 2302 681 2335 ex
714 2285 895 2348 quibus
930 2285 1115 2349 colligit
1153 2289 1471 2349 praecipuam
1497 2286 1762 2336 sacerdotii
1787 2287 2057 2338 Christiani

217 2376 422 2441 gratiam
449 2386 496 2426 et
516 2385 815 2439 potestatem
841 2391 948 2424 esse
975 2377 1403 2424 consecrationem
1429 2385 1478 2424 et
1503 2376 1807 2425 oblationem
1833 2377 2053 2439 corporis

218 2476 268 2515 et
293 2464 545 2528 sanguinis
574 2463 798 2513 Domini.
851 2463 1133 2512 Auctoritas
1158 2465 1304 2526 plane
1329 2463 1434 2513 eius
1460 2465 1672 2515 Concilii
1696 2466 1831 2527 apud
1853 2473 2058 2528 gentem

220 2564 439 2604 nostram
481 2569 737 2616 nunquam
781 2562 987 2615 accepta
1023 2562 1110 2611 est,
1137 2562 1187 2602 et
1221 2555 1284 2602 ab
1322 2569 1381 2602 eo
1417 2555 1573 2602 multa
1606 2569 1720 2603 vera
1754 2570 1870 2602 cum
1904 2555 2058 2613 falsis,

218 2645 376 2692 multa
422 2644 611 2691 incerta
647 2658 762 2689 cum
812 2640 971 2699 certis,
1011 2643 1278 2691 commixta
1325 2644 1620 2691 invenimus,
1695 2643 1877 2705 Quoad
1913 2643 2055 2692 locos

221 2742 386 2782 autem
412 2749 440 2780 a
466 2734 599 2794 Papa
626 2730 803 2779 citatos
835 2732 1211 2793 respondemuS,
1234 2747 1325 2780 nos
1349 2732 1412 2780 de
1437 2713 1483 2780 S..
1514 2730 1851 2781 Eucharistiae
1886 2746 2059 2791 conse-

224 2824 443 2870 cratione
469 2821 684 2868 maxima
710 2836 823 2868 cum
850 2821 1125 2868 reverentia
1149 2836 1334 2880 curare,
1363 2829 1411 2869 et
1445 2819 1561 2869 solis
1597 2820 1938 2870 sacerdotibus
1961 2821 2055 2870 rite

221 2910 460 2959 ordinatis
499 2918 547 2958 et
585 2909 733 2957 nullis
771 2908 877 2957 aliis
927 2908 1179 2958 Ecclesiae
1217 2908 1452 2958 ministris
1490 2911 1786 2972 permittere.
1859 2910 2058 2959 Eucha-

220 3000 383 3048 ristiae
399 3000 547 3047 etiam
565 2996 857 3046 sacrificium
877 3012 990 3045 vere
1010 2998 1265 3057 docemus,
1285 3013 1377 3046 nec
1393 2996 1619 3046 sacrificii
1638 2999 1798 3047 crucis
1821 2998 2054 3047 “nudam

221 3104 328 3137 esse
369 3085 900 3136 commemorationem
919 3088 942 3108 ''
975 3085 1238 3145 credimus,
1267 3095 1322 3134 ut
1359 3085 1589 3135 Concilio
1614 3085 1699 3136 illo
1723 3088 1876 3136 citato
1910 3088 2059 3137 nobis

221 3177 415 3225 videtur
440 3175 690 3237 imputari.
762 3173 890 3223 Satis
916 3183 1084 3223 tamen
1120 3174 1368 3223 credimus
1393 3173 1443 3222 in
1468 3173 1665 3237 liturgia
1689 3183 1856 3224 nostra
1880 3191 1979 3238 qua
2002 3175 2053 3224 in

220 3266 265 3312 S.
298 3264 613 3312 Eucharistia
637 3263 936 3312 celebranda
962 3261 1381 3322 utimur,—corda
1406 3262 1646 3311 habentes
1672 3263 1735 3311 ad
1762 3264 2051 3324 Dominum,

223 3361 271 3400 et
308 3368 524 3411 munera,
563 3367 690 3414 quae
726 3360 871 3400 antea
906 3351 1071 3400 oblata
1119 3359 1247 3410 sunt,
1292 3352 1389 3399 iarn
1433 3359 1778 3400 consecrantes
1817 3360 1870 3400 ut
1907 3351 2054 3401 nobis

225 3455 405 3501 corpus
430 3449 478 3489 et
512 3441 708 3503 sanguis
746 3441 866 3490 fiant
894 3438 1096 3488 Domini
1133 3438 1286 3488 nostri
1326 3441 1445 3502 Jesu
1490 3438 2052 3499 Christi,—sacrificium

226 3528 361 3588 quod
399 3527 585 3577 ibidem
630 3531 684 3576 fit
724 3528 791 3577 ita
827 3529 1114 3591 significare.
1200 3528 1498 3577 Memoriam
1541 3530 1727 3578 scilicet
1763 3538 2054 3591 perpetuam
