2216 3964
1034 334 1090 380 17

131 453 377 516 pretiosae
395 461 567 502 mortis
589 453 774 503 Christi
792 456 876 516 qui
905 455 1010 516 ipse
1030 461 1104 502 est
1125 455 1416 502 Advocatus
1431 461 1602 503 noster
1628 454 1763 516 apud
1782 454 1979 502 Patrem

132 550 182 591 et
227 541 515 606 propitiatio
558 559 649 606 pro
691 543 913 606 peccatis
961 545 1159 602 nostriS‚
1207 559 1368 606 usque
1417 544 1483 591 ad
1526 544 1817 592 Adventum
1858 543 1980 592 Eius

132 632 410 680 secundum
434 641 755 695 praeceptum
785 630 906 680 Eius
932 632 1268 680 observamus
1328 630 1495 679 Primo
1521 633 1657 680 enim
1682 629 1978 680 sacrificium

126 719 291 768 laudis
341 727 392 768 et
445 718 712 782 gratiarum
762 718 1017 768 offerimus
1044 738 1057 780 3
1115 729 1221 767 tum
1271 736 1387 768 vero
1437 719 1740 768 sacrificium
1803 720 1980 770 Crucis

127 807 262 856 Patri
309 809 637 871 proponimus
679 818 729 857 et
771 816 1218 871 repraesentamuS,
1248 818 1297 856 et
1338 824 1426 871 per
1469 809 1594 856 illud
1630 806 1973 855 remissionem

126 903 447 958 peccatorum
474 903 523 945 et
548 894 720 944 omnia
745 895 841 944 alia
869 895 1170 944 Dominicae
1204 895 1451 958 passionis
1474 895 1723 944 beneficia
1756 911 1845 957 pro
1870 903 1975 942 tota

125 990 174 1031 et
193 982 422 1031 universa
458 983 687 1031 Ecclesia
726 982 1087 1045 impetramus;
1147 982 1444 1031 sacrificium
1490 985 1710 1046 denique
1746 991 1968 1031 nostrum

127 1071 348 1132 ipsorum
421 1071 646 1120 Creatori
717 1070 944 1119 omnium
1020 1070 1288 1132 offerimus,
1353 1073 1491 1134 quod
1554 1087 1642 1134 per
1700 1071 1979 1120 oblationes

130 1167 463 1208 creaturarum
506 1159 671 1222 Ipsius
708 1159 807 1208 iam
834 1159 1239 1223 significavimus.
1308 1161 1472 1221 Quam
1517 1162 1765 1210 actionem
1808 1170 1979 1219 totam,

132 1249 182 1296 in
209 1263 310 1310 qua
346 1247 489 1311 plebs
516 1265 632 1297 cum
658 1250 921 1298 sacerdote
945 1259 1135 1312 partem
1163 1266 1302 1298 suam
1329 1251 1612 1298 necessario
1638 1248 1805 1307 sumit,
1835 1247 1979 1297 sacri·

127 1335 295 1385 ficium
326 1336 723 1386 Eucharisticum
751 1338 973 1386 solemus
999 1340 1276 1386 nominare.

192 1429 344 1475 Porro
380 1443 494 1474 cum
537 1442 629 1474 nos
667 1425 785 1475 satis
827 1426 996 1475 stricte
1038 1428 1312 1476 admoneat
1340 1429 1474 1490 Papa
1501 1429 1564 1476 de
1603 1425 1976 1476 necessitudine

125 1531 255 1579 quae
273 1516 437 1564 “inter
455 1515 607 1563 fidem
627 1525 675 1563 et
692 1516 899 1575 cultum,
918 1517 1047 1564 inter
1060 1517 1204 1578 legem
1222 1515 1446 1563 credendi
1458 1521 1503 1562 et
1517 1517 1657 1575 lqgrem
1676 1514 1984 1575 supplicandi

120 1605 438 1662 intercedat,''
462 1619 678 1666 aequum
704 1602 902 1652 videtur
928 1613 982 1652 ut
1006 1605 1229 1652 animum
1257 1613 1305 1652 et
1331 1613 1547 1652 vestrum
1587 1612 1634 1652 et
1661 1612 1884 1651 nostrum
1913 1603 1976 1649 ad

118 1691 364 1756 liturgiam
389 1695 670 1742 Romanam
696 1695 900 1756 propius
921 1702 1184 1741 vertamus.
1239 1694 1303 1741 Et
1329 1708 1444 1741 cum
1466 1692 1632 1755 ipsum
1664 1695 1692 1717 “
1713 1693 1975 1741 Canonem

123 1782 336 1831 Missae’'
362 1780 623 1845 diligenter
646 1780 982 1843 inspiciamus,
1019 1779 1142 1844 quid
1185 1780 1249 1829 de
1289 1781 1495 1828 notione
1521 1778 1749 1828 sacrificii
1787 1779 1973 1828 ibidem

121 1851 318 1933 prodita
352 1871 631 1919 luculenter
662 1871 905 1932 apparet?
975 1870 1106 1920 Cum
1146 1869 1372 1918 formulis
1402 1867 1584 1917 nostris
1618 1865 1977 1916 Eucharisticis

118 1957 239 2009 satis
281 1958 543 2019 consentit,
584 1958 664 2007 vix
702 1968 787 2007 aut
827 1974 889 2007 ne
926 1958 1007 2007 vix
1035 1958 1240 2021 quidem
1277 1974 1392 2006 cum
1437 1955 1655 2007 Concilii
1690 1953 1974 2004 Tridentini

117 2047 327 2112 placitis,
438 2050 532 2097 Vel
570 2049 735 2110 potius
777 2047 877 2096 dici
914 2048 1068 2096 debet
1110 2063 1138 2096 a
1175 2046 1409 2097 Concilio
1451 2045 1539 2095 illo
1575 2046 1702 2095 duos
1745 2042 1975 2094 sacrificii

121 2138 401 2202 explicandi
428 2138 607 2186 modos
631 2137 778 2185 simul
804 2138 1021 2199 proferri,
1049 2152 1206 2184 unum
1232 2136 1319 2199 qui
1361 2151 1474 2184 cum
1513 2133 1724 2184 scientia
1749 2134 1975 2197 liturgica

118 2235 169 2276 et
192 2224 456 2290 prudentia
481 2224 761 2276 Christiana
787 2225 1035 2286 concinat,
1062 2227 1271 2275 alterum
1309 2227 1394 2287 qui
1437 2225 1719 2287 theologiae
1745 2223 1970 2285 populari

119 2323 171 2365 et
212 2313 517 2378 periculosae
555 2315 619 2364 de
656 2312 1007 2378 propitiatione
1057 2313 1398 2363 Eucharistica
1449 2313 1682 2361 addictus
1725 2312 1800 2360 sit.
1911 2311 1971 2358 In

121 2404 332 2454 Canone
356 2410 524 2451 autem
552 2401 738 2450 Missae
763 2402 1075 2461 sacrificium,
1117 2403 1255 2464 quod
1298 2402 1513 2460 offertur,
1552 2408 1768 2463 quatuor
1810 2399 1975 2447 modis

120 2490 427 2542 describitur.
514 2492 681 2539 Primo
719 2492 834 2539 loco
883 2500 958 2539 est
1007 2488 1355 2538 “sacrificium
1398 2487 1629 2548 laudis,”1
1665 2504 1794 2550 quae
1836 2486 1977 2536 notio

117 2587 277 2630 totam
312 2577 561 2628 actionem
611 2587 847 2641 permeat,
888 2587 937 2627 et
976 2578 1356 2641 quodammodo
1394 2576 1622 2636 sustinet,
1666 2585 1715 2625 et
1741 2574 1791 2623 in
1818 2591 1972 2624 unum

123 2669 264 2731 quasi
289 2683 474 2730 corpusv
493 2666 763 2730 coniungit.
838 2667 1075 2716 Secundo
1100 2676 1175 2715 est
1200 2665 1392 2714 oblatio
1419 2667 1550 2713 facta
1575 2681 1603 2712 a
1628 2664 1780 2712 servis
1807 2665 1904 2712 Dei
1929 2673 1978 2712 et

125 2763 307 2806 cuncta
328 2753 515 2804 familia
542 2755 677 2815 Eius,
706 2756 770 2804 de
797 2771 894 2817 qua
921 2755 1177 2804 oblatione
1203 2755 1389 2817 petitur
1429 2756 1456 2778 ‘⁴
1475 2762 1528 2801 ut
1553 2751 1699 2801 nobis
1725 2768 1905 2814 corpus
1930 2761 1979 2801 et

123 2845 323 2908 sanguis
347 2844 459 2892 fiat’'
483 2842 596 2891 Filii
622 2843 697 2892 sui
725 2842 932 2891 Domini
958 2845 1128 2893 nostri.
1198 2844 1373 2892 Tertio
1400 2851 1475 2891 est
1500 2840 1692 2889 oblatio
1720 2839 1978 2889 Maiestati

125 2930 247 2981 Eius
286 2932 351 2981 de
390 2930 491 2981 suis
535 2930 730 2979 “donis
769 2947 827 2979 ac
869 2931 1027 2980 datis''
1054 2930 1128 2990 (id
1168 2939 1243 2979 est
1286 2932 1349 2979 de
1391 2928 1615 2992 frugibus
1652 2937 1874 2991 segetum
1924 2937 1973 2976 et

122 3021 369 3080 arborum,
419 3028 474 3068 ut
532 3028 666 3068 recte
726 3017 942 3082 explicat
1004 3017 1331 3067 Innocentius
1382 3016 1503 3076 1112,
1555 3018 1780 3078 quamvis
1828 3016 1979 3065 verba

174 3127 253 3168 XI.
306 3127 316 3149 ¹
359 3128 389 3148 “
404 3127 663 3169 Sacrificium
683 3128 818 3168 laudis
837 3127 858 3143 ’⁹
887 3128 932 3167 id
953 3136 1014 3167 est
1053 3128 1383 3167 Eucharisticum
1422 3127 1489 3165 vel
1530 3125 1747 3178 pacificum
1789 3125 1982 3175 (Anglice

125 3195 154 3214 ‘⁶
172 3192 537 3245 thank-offering'’
576 3194 642 3233 vel
685 3195 715 3214 “
731 3191 1100 3246 peace-offering”)
1133 3193 1244 3244 quod
1284 3193 1325 3231 in
1349 3191 1427 3230 hac
1467 3204 1509 3229 re
1547 3192 1600 3230 ab
1634 3190 1725 3229 aliis
1763 3189 1975 3229 sacrificiis

123 3256 276 3306 differt,
298 3270 393 3298 curn
413 3257 456 3297 in
475 3258 565 3307 illo,
583 3258 726 3307 homo,
749 3258 820 3311 qui
841 3258 973 3305 offert,
1000 3270 1092 3297 cum
1115 3258 1208 3296 Deo
1229 3262 1387 3308 partem
1409 3255 1634 3295 oblationis
1653 3268 1701 3294 ex
1723 3254 1802 3294 ritu
1823 3260 1970 3294 sumat.

124 3321 292 3361 Nomen
313 3334 364 3361 ex
384 3322 513 3361 veteri
535 3322 722 3362 versione
744 3323 896 3362 Latina
916 3329 978 3362 est
1000 3321 1112 3370 (vide
1134 3321 1461 3360 Pentateuchum
1485 3320 1839 3371 Lugdunensem),
1863 3319 1974 3371 quod

121 3387 175 3426 ab
192 3386 454 3438 Hieronymo
470 3387 584 3438 “pro
600 3388 824 3439 gratiarum
838 3387 1003 3426 actione
1023 3385 1210 3426 oblatio'’
1226 3386 1290 3424 vel
1313 3387 1340 3405 “
1351 3385 1487 3424 hostia
1502 3382 1753 3435 gratiarum’'
1775 3384 1974 3430 redditur,

123 3451 251 3491 Levit.
271 3449 342 3490 vii.
366 3460 430 3499 12,
463 3460 523 3501 13.
607 3452 733 3492 Unde
761 3452 805 3491 in
838 3451 1007 3503 liturgia
1039 3456 1179 3489 nostra
1211 3450 1336 3488 ambo
1379 3449 1704 3500 coniunguntur:
1742 3448 1870 3487 “this
1900 3461 1976 3488 our

121 3514 307 3554 sacrifice
327 3514 376 3553 of
389 3515 527 3567 praise
548 3516 629 3555 and
651 3514 994 3568 thanksgiving.''

176 3579 252 3619 XI.
279 3575 295 3600 ²
316 3578 382 3616 De
397 3592 513 3617 sacro
531 3579 681 3618 allaz-22»-
701 3581 889 3629 mysterio
911 3589 936 3616 v
959 3591 1048 3628 cap.
1078 3589 1113 3616 2.

1027 3647 1053 3678 B
