2216 3964
1092 316 1106 328 ,

1120 347 1179 394 28

285 478 453 525 XVII.
494 477 716 526 Intentio
763 487 897 526 certe
943 477 1184 528 ecclesiae
1232 491 1444 541 nostrae,
1495 497 1598 529 non
1646 482 1797 544 partis
1843 491 2071 532 recenter

216 568 438 627 malitae,
468 582 526 615 ex
550 565 694 615 titulo
721 567 971 616 Ordinalis
1007 576 1056 615 et
1091 568 1396 630 praefatione
1421 568 1584 618 eidem
1620 571 1833 632 praefixa
1861 571 2064 620 abunde

215 662 362 716 patet.
436 645 632 703 Titulus
657 653 861 717 quidem
886 671 1019 704 anno
1050 672 1069 702 1
1082 669 1107 717 5
1115 669 1174 718 52
1202 666 1307 705 erat
1345 658 1536 707 “Ordo
1561 667 1611 707 et
1629 657 1750 707 ritus
1773 657 1991 707 faciendi
2015 667 2066 707 et

215 743 541 792 consecrandi
568 745 844 807 Episcopos
865 746 1181 806 Presbyteros
1201 754 1248 794 et
1277 747 1578 795 Diaconos.''
1614 748 1860 796 Praefatio
1879 758 2062 796 autem,

216 848 345 894 quae
381 835 547 881 statim
595 834 831 895 sequitur,
869 833 941 882 sic
987 832 1165 896 incipit
1187 838 1298 881 :—“
1321 834 1647 884 Manifestum
1691 845 1765 884 est
1812 836 2065 894 omnibuS,

216 923 414 970 Sacram
458 921 757 985 Scripturam
797 932 847 971 et
882 931 1071 972 veteres
1109 932 1336 972 auctores
1373 923 1634 987 diligenter
1679 923 2062 987 perlegentibus,

213 1010 457 1060 exstitisse
492 1010 544 1058 in
581 1010 806 1060 Ecclesia
852 1010 1038 1061 Christi
1072 1027 1131 1060 ex
1166 1013 1526 1074 Apostolorum
1564 1011 1871 1075 temporibus
1907 1013 2061 1060 hosce

216 1102 549 1149 ministrorum
575 1099 787 1158 ordines,
817 1101 1111 1163 Episcopos,
1139 1102 1456 1163 Presbyteros
1481 1110 1531 1150 et
1575 1103 1842 1150 Diaconos.
1916 1102 2060 1163 Quae

213 1188 418 1251 quidem
476 1205 682 1238 munera
738 1188 807 1237 ita
865 1188 1033 1252 magni
1091 1205 1288 1251 semper
1345 1189 1746 1250 aestimabantur,
1797 1200 1851 1239 ut
1908 1205 2060 1238 nemo

213 1279 417 1327 auderet
459 1279 646 1340 privata
688 1294 776 1326 sua
817 1277 1111 1326 auctoritate
1152 1279 1254 1326 ullo
1296 1294 1466 1327 eorum
1509 1280 1662 1342 fungi,
1702 1277 1798 1326 nisi
1835 1280 1921 1341 qui
1963 1280 2061 1327 iam

215 1377 420 1416 vocatus
445 1377 587 1426 esset,
616 1369 865 1430 probatus,
895 1367 1217 1427 examinatus,
1246 1376 1294 1415 et
1319 1366 1480 1416 eidem
1507 1368 1799 1416 sustinendo
1823 1384 1910 1430 par
1933 1377 2066 1416 esset

213 1458 331 1505 satis
355 1455 615 1519 cognitus:
653 1465 703 1505 et
727 1465 978 1518 praeterea
1013 1471 1100 1518 per
1133 1471 1306 1518 preces
1342 1455 1569 1518 publicas
1594 1472 1704 1504 cum
1743 1455 2066 1519 impositione

215 1561 454 1594 manuum
480 1547 543 1594 ad
579 1545 631 1594 id
669 1545 972 1608 approbatus
1013 1554 1062 1592 et
1100 1544 1360 1593 admissus.
1448 1546 1605 1607 Igitur
1646 1560 1707 1593 eo
1750 1546 1848 1594 fine
1891 1554 1944 1594 ut
1982 1543 2065 1594 isti

217 1634 435 1682 Ordines
458 1635 510 1681 in
537 1634 764 1681 Ecclesia
789 1632 1067 1696 Anglicana
1105 1642 1460 1681 conserventur
1498 1642 1546 1682 et
1579 1633 1855 1682 reverentia
1895 1634 2068 1683 debita

214 1730 511 1784 usurpentur
547 1730 597 1770 et
635 1721 990 1770 aestimentur:
1043 1723 1376 1770 necessarium
1410 1730 1486 1770 est
1522 1720 1776 1770 neminem
1827 1721 1946 1785 (nisi
1974 1721 2061 1785 qui

214 1812 314 1859 iam
353 1811 649 1873 EpiscopUS,
694 1809 956 1872 Presbyter
993 1817 1078 1858 aut
1121 1808 1375 1858 Diaconus
1415 1809 1499 1872 sit)
1543 1811 1645 1858 ullo
1692 1826 1863 1859 eorum
1905 1811 2061 1873 fungi,

211 1899 307 1948 nisi
342 1898 429 1962 qui
477 1899 754 1948 secundum
790 1897 938 1947 ritum
986 1907 1278 1961 sequentem
1326 1900 1391 1947 ad
1435 1899 1487 1946 id
1534 1906 1753 1958 vocatus,
1801 1899 2059 1961 probatus,

210 1987 520 2038 examinatus
567 1996 617 2037 et
657 1988 905 2036 admissus
950 1986 1141 2036 fuerit.''
1212 1987 1347 2035 Infra
1395 1996 1560 2035 autem
1612 1988 1733 2036 dicit
1785 1988 1911 2036 inter
1963 1985 2060 2037 alia

215 2076 477 2140 “quisque
495 2085 660 2126 autem
680 2075 731 2124 in
758 2077 1117 2138 Episcopatum
1141 2076 1510 2124 consecrandus
1545 2091 1730 2123 annum
1757 2075 2060 2124 tricesimum

210 2167 538 2229 complevisse
573 2165 770 2213 debet.'’
864 2165 929 2212 Et
974 2163 1027 2211 in
1068 2165 1164 2212 ritu
1213 2165 1321 2226 ipso
1373 2162 1772 2213 “Consecratio”
1819 2163 2059 2226 Episcopi

212 2256 408 2318 saepius
463 2262 780 2303 memoratur.
876 2252 1139 2302 Successio
1197 2251 1348 2301 etiam
1409 2263 1457 2301 et
1521 2254 1809 2315 propagatio
1880 2253 2058 2301 horum

213 2343 488 2391 officiorum
526 2359 554 2390 a
591 2340 813 2390 Domino
849 2357 935 2404 per
970 2342 1241 2403 Apostolos
1267 2349 1315 2389 et
1340 2350 1528 2389 ceteros
1554 2340 1790 2389 ecclesiae
1821 2343 2058 2403 antiquae

212 2430 464 2480 ministros
489 2429 672 2480 diserte
699 2429 1003 2493 significatur
1027 2428 1078 2477 in
1105 2428 1414 2478 orationibus
1455 2433 1483 2454 “
1505 2428 1882 2478 Eucharisticis'’
1925 2446 2052 2491 quae

211 2522 591 2583 praemittuntur
627 2517 788 2567 verbis
825 2519 997 2579 Accipe
1030 2519 1273 2579 Spiritum
1331 2524 1560 2565 sanctum.
1635 2519 1860 2567 Intentio
1907 2516 2056 2581 igitur

212 2611 411 2657 Patrum
448 2617 728 2657 nostrorum
771 2608 863 2655 fuit
889 2608 1011 2655 haec
1051 2607 1215 2655 officia
1247 2622 1275 2654 a
1300 2605 1469 2668 primis
1499 2605 1809 2668 temporibus
1834 2606 2053 2655 derivata

210 2713 501 2747 conservare
558 2706 608 2746 et
667 2711 941 2759 propagare
1003 2698 1101 2744 “et
1147 2694 1422 2743 reverentia
1470 2695 1657 2742 debita
1715 2710 1950 2757 usurpare
1999 2703 2049 2743 et

208 2783 511 2842 aestimare''‚
539 2798 601 2831 eo
627 2780 860 2829 nimirum
899 2797 1050 2830 sensu
1084 2797 1186 2843 quo
1212 2781 1275 2829 ab
1310 2782 1566 2843 Apostolis
1604 2791 1805 2843 recepta
1844 2792 1961 2830 sunt
2002 2791 2051 2829 et

211 2888 271 2921 eo
297 2887 455 2933 usque
480 2872 530 2919 in
555 2886 647 2919 usu
673 2878 825 2919 erant.
901 2869 1054 2929 Quod
1080 2885 1109 2917 a
1134 2870 1270 2931 Papa
1294 2869 1520 2918 indebite
1546 2868 1731 2918 siletur.

277 3048 476 3095 XVIII.
516 3046 615 3094 Sed
653 3046 756 3093 Leo
781 3060 908 3107 papa
933 3043 1056 3091 haec
1082 3045 1250 3092 omnia
1273 3053 1323 3091 et
1359 3042 1538 3091 similia
1578 3044 1829 3092 “nomina
1853 3043 1960 3093 sine
1999 3060 2051 3093 re

209 3115 358 3198 quam
378 3134 591 3183 instituit
607 3132 861 3183 Christus''
876 3142 1035 3181 vocat.
1085 3135 1153 3180 At
1165 3141 1343 3193 contra
1361 3130 1658 3192 principium
1677 3132 2051 3180 fundamentale

206 3233 485 3272 nostrorum
513 3223 713 3270 Patrum
751 3219 844 3268 fuit
882 3219 1050 3268 omnia
1092 3220 1156 3267 ad
1194 3221 1536 3267 auctoritatem
1575 3219 1782 3267 Domini
1813 3221 1862 3267 in
1901 3219 2054 3268 sacris

206 3310 466 3373 Scripturis
506 3311 770 3358 revelatam
813 3324 1056 3357 revocare.
1147 3307 1458 3357 Cerimonias
1506 3323 1621 3369 ergo
1654 3307 1717 3356 ab
1760 3307 2050 3356 hominibus

206 3401 456 3447 confectas
485 3407 532 3446 et
563 3396 757 3446 additas
782 3396 1142 3454 rescindebant,
1165 3397 1313 3444 etiarn
1338 3396 1471 3442 illam
1497 3395 1803 3443 notissimam
1820 3397 2046 3445 codicem

209 3488 587 3548 Evangeliorum
615 3484 818 3533 tenendi
843 3499 989 3546 super
1013 3491 1162 3546 caput
1187 3483 1404 3547 episcopi
1431 3483 1708 3542 ordinandi,
1737 3484 1859 3532 dum
1896 3484 2044 3534 bene-

209 3572 361 3622 dictio
420 3572 640 3620 funditur
697 3581 745 3620 et
806 3588 983 3620 manus
1046 3572 1385 3633 imponuntur,
1453 3586 1582 3632 quae
1637 3579 1686 3621 et
1747 3569 1935 3621 Latinis
1994 3580 2042 3622 et
