2216 3964
897 765 1411 826 APPENDIX.

595 1068 691 1115 DE
727 1067 958 1117 CAUSA
992 1065 1351 1127 JOHANNIS
1393 1065 1711 1115 GORDON.

298 1174 555 1236 Johannes
597 1173 822 1232 Gordon,
849 1173 913 1220 de
941 1187 1041 1234 quo
1067 1173 1118 1219 in
1154 1173 1373 1234 capitulo
1397 1186 1470 1219 vn
1499 1174 1713 1222 breviter
1736 1174 2075 1232 disseruimuS,

229 1264 496 1324 episcopus
544 1259 927 1310 Gallovidiensis
985 1260 1037 1307 in
1095 1261 1264 1308 Scotia
1311 1261 1627 1309 meridionali
1673 1277 1807 1310 anno
1849 1264 1978 1310 1688
2024 1261 2077 1310 in

231 1349 442 1397 ecclesia
458 1348 744 1398 Cathedrali
770 1345 1067 1409 Glasguensi
1085 1355 1304 1395 sacratus
1320 1355 1407 1396 est.
1452 1346 1553 1408 Qui
1567 1363 1734 1410 regem
1749 1347 2000 1410 Jacobum
2020 1349 2075 1396 II

228 1435 281 1483 in
325 1435 526 1485 exilium
583 1444 797 1493 secutus,
841 1443 1017 1497 postea
1070 1436 1123 1482 in
1177 1434 1443 1484 ecclesiam
1502 1437 1790 1484 Romanam
1846 1445 2076 1499 receptus

229 1532 306 1573 est
363 1533 414 1573 et
471 1523 564 1572 sub
623 1522 923 1572 condicione
968 1523 1137 1571 denuo
1190 1521 1469 1584 baptizatus
1523 1531 1614 1572 est.
1686 1523 1832 1572 Idem
1886 1539 2075 1572 nomen

231 1611 509 1663 Clementis
547 1613 714 1674 Papae
755 1620 876 1658 tunc
919 1610 1169 1672 regnantis
1205 1627 1295 1659 suo
1336 1609 1650 1673 praenomini
1681 1611 1890 1660 addidit.
1971 1609 2076 1658 Hic

230 1703 317 1761 vir,
375 1710 429 1748 ut
482 1707 659 1748 notum
710 1707 799 1758 est,
850 1714 909 1747 ex
958 1698 1140 1746 eodem
1194 1699 1442 1747 Pontifice
1487 1697 1773 1760 postulavit,
1832 1697 2076 1762 petitione

229 1792 309 1839 vel
348 1787 626 1838 memoriali
667 1803 796 1849 quae
837 1785 992 1835 hodie
1024 1785 1222 1846 exstat‚1
1259 1795 1315 1835 ut
1353 1785 1556 1835 ordines
1591 1789 1827 1836 Romano
1855 1785 1951 1836 ritu
1975 1802 2078 1835 sus-

228 1877 428 1938 ciperet.
503 1877 658 1925 Cuius
699 1873 853 1922 libelli
884 1889 986 1922 non
1029 1890 1155 1936 opus
1197 1883 1271 1923 est
1313 1883 1367 1923 ut
1405 1874 1574 1923 omnia
1597 1882 1890 1937 argumenta
1911 1889 2078 1923 recen-

228 1977 440 2010 seamus,
522 1961 710 2009 Sufficit
746 1959 913 2008 dicere
949 1975 1006 2007 ea
1043 1959 1257 2009 maxime
1293 1977 1321 2009 a
1356 1962 1562 2009 veritate
1595 1976 1759 2009 rerum
1794 1961 2072 2009 abhorrere.

230 2049 637 2097 Fundamentum
661 2056 735 2096 est
759 2049 928 2096 fabula
963 2047 1026 2095 de
1052 2047 1251 2096 Parkeri
1286 2047 1646 2110 archiepiscopi
1682 2048 2072 2097 consecratione.

230 2139 310 2185 De
334 2135 553 2195 materia,
587 2137 746 2184 forma
771 2144 819 2184 et
851 2135 1131 2185 intentione
1163 2134 1363 2184 scribit:
1403 2136 1601 2183 “Nulla
1632 2134 1840 2184 materia
1870 2143 2077 2184 utuntur

227 2223 322 2272 nisi
347 2226 472 2272 forte
497 2221 763 2271 traditione
789 2224 1082 2283 Bibfiorum,
1109 2225 1244 2271 nulla
1267 2225 1426 2272 forma
1450 2222 1668 2286 legitima
1689 2242 1698 2271 :
1736 2222 1840 2272 imo
1863 2225 2074 2272 formam

227 2309 604 2361 Catholieorum
630 2308 855 2358 abiecere
873 2318 922 2357 et
941 2319 1313 2358 commutavere
1337 2309 1387 2357 in
1414 2311 1546 2358 hanc
1566 2330 1574 2359 :
1607 2312 1778 2372 Accipe
1788 2317 2072 2372 potestatem

211 2398 547 2460 praedicandi
564 2399 761 2446 verbum
786 2399 893 2445 Dei
910 2405 957 2445 et
985 2399 1376 2446 admz'm'strandi
1398 2404 1564 2445 sancta
1588 2399 1688 2446 eius
1721 2399 2038 2447 Sacramenta
2054 2419 2075 2455 ,-

225 2502 356 2549 quae
397 2484 722 2534 essentialiter
764 2486 928 2534 differt
962 2502 992 2533 a
1023 2488 1194 2534 formis
1233 2486 1537 2534 orthodoxis.
1613 2487 1811 2535 Deinde
1835 2502 1967 2549 quae
2004 2485 2075 2534 in-

223 2573 383 2624 tentio
416 2574 480 2622 ab
515 2572 610 2622 illis
646 2573 847 2621 formari
882 2573 1076 2636 poterit,
1111 2573 1198 2636 qui
1234 2582 1418 2636 negant
1453 2575 1707 2624 Christum
1743 2583 1828 2623 aut
1862 2573 2073 2637 primam

227 2659 505 2709 Ecclesiam
547 2661 702 2707 ullum
743 2662 1058 2708 incruentum
1099 2659 1371 2709 instituisse
1412 2661 1706 2729 sacrificium
1725 2662 1783 2709 ?''
1867 2662 2072 2710 Nullam

224 2764 344 2811 ergo
367 2747 612 2796 rationem
637 2747 814 2796 habuit
835 2747 1036 2797 verioris
1057 2747 1290 2797 materiae
1305 2757 1355 2797 et
1373 2749 1562 2797 formae
1579 2749 1715 2810 apud
1733 2763 1827 2797 nos
1845 2750 2070 2809 usitatae,

225 2836 416 2885 scilicet
461 2834 793 2898 impositionis
839 2851 1078 2883 manuum
1125 2845 1175 2884 et
1225 2835 1487 2884 verborum
1550 2838 1787 2898 “Accipe
1834 2835 2072 2899 Spiritum

223 2924 481 2972 sanctum''
506 2932 556 2972 et
579 2939 707 2985 quae
732 2932 852 2971 tunc
876 2931 932 2970 ut
963 2938 1100 2971 nunc
1131 2922 1389 2971 anteibant
1423 2932 1473 2971 et
1508 2923 1858 2985 sequebantur.
1931 2925 2072 2985 Quid

223 3025 342 3059 vero
367 3010 462 3059 sibi
479 3011 627 3058 vellet
644 3011 852 3059 Gordon
873 3026 987 3058 cum
1012 3011 1111 3059 hoc
1133 3010 1326 3059 facinus
1340 3009 1392 3058 in
1417 3026 1470 3059 se
1485 3009 1782 3070 admitteret,
1803 3010 2068 3061 nescimus.

278 3145 390 3197 App.
425 3145 440 3170 1
469 3144 579 3185 Vide
600 3145 660 3184 M.
688 3145 749 3184 Le
777 3145 914 3196 Quien
933 3142 1100 3183 Nullz‘te‘
1113 3143 1179 3199 dqs
1201 3143 1471 3183 ordinations
1489 3144 1741 3195 Anglz‘canes
1758 3150 1859 3185 tom.
1883 3145 1926 3184 ii.
1951 3145 2064 3198 App.

225 3221 319 3261 pag.
345 3209 600 3258 lxix—lxm,
625 3209 741 3249 Paris
766 3209 992 3260 1725—cui
1025 3208 1291 3261 subsequitur
1323 3209 1536 3248 decretum
1565 3208 1608 3249 S.
1634 3208 1786 3248 Officii.
1839 3209 1992 3250 Confer
2012 3210 2062 3249 E.

228 3273 277 3312 E.
305 3273 498 3313 Estcourt
521 3274 604 3313 The
619 3275 796 3325 question
815 3274 869 3325 of
875 3275 915 3313 A
920 3274 1088 3325 nglz'can
1109 3273 1377 3313 Ordinatz‘ons
1395 3273 1598 3312 discussed
1624 3273 1778 3321 (Lond.
1809 3272 1928 3324 1873)
1949 3273 2062 3326 App.

223 3337 347 3375 xxxvi
366 3350 435 3388 pp.
461 3350 538 3376 cxv
552 3350 634 3389 sq„
652 3337 722 3389 qui
738 3338 850 3377 aliud
863 3337 1131 3377 summarium
1145 3337 1212 3377 vel
1227 3342 1514 3388 argumentum
1535 3349 1682 3376 causae
1702 3342 1743 3376 et
1762 3337 1888 3377 aliam
1907 3337 2063 3377 decreti

227 3400 513 3451 subsequentis
537 3400 727 3450 formam,
755 3402 896 3454 aliqua
916 3414 1010 3441 cum
1039 3414 1137 3441 cura
1156 3400 1346 3453 repetita,
1368 3400 1478 3452 typis
1506 3400 1733 3440 mandavit.
1796 3400 1924 3441 Carta
1957 3400 2065 3453 regis

225 3475 301 3514 pro
325 3465 634 3505 consecratione
653 3466 764 3518 (post
785 3463 1055 3517 electionem)
1078 3465 1177 3505 data
1196 3470 1258 3505 est
1276 3476 1303 3514 4
1322 3465 1391 3504 die
1420 3465 1651 3513 Februarii,
1673 3470 1713 3505 et
1737 3464 1899 3517 signata
1915 3476 1943 3514 4
1962 3465 2064 3517 Sep·

223 3527 393 3567 tembris
417 3527 520 3568 1688
536 3544 546 3568 z
577 3529 843 3569 summarium
864 3529 1219 3570 consecrationem
1239 3529 1307 3569 die
1332 3539 1380 3579 19
1396 3529 1653 3581 Septembris
1672 3528 1857 3569 habitam
1878 3528 2013 3570 refert.
