2216 3964
1034 351 1088 382 21

129 460 498 524 simplicitatem
523 465 766 516 exhibeat.
842 467 1025 529 Incipit
1049 468 1206 514 Pater
1226 475 1382 516 sancte
1405 473 1698 532 ommpolezes
1722 474 1859 519 Deus
1899 472 1988 533 qui

115 556 212 612 per
248 552 522 600 Dominum
561 562 609 602 et
651 569 741 615 pro
783 557 1134 603 consecrandis
1175 566 1295 616 orat,
1328 560 1424 606 “ut
1460 558 1732 621 antiquitus
1758 559 1987 609 instituta

126 638 320 702 possint
357 651 779 691 sacramentorum
821 643 1053 706 mysteria
1090 645 1351 694 celebrare.
1431 649 1521 696 Per
1547 657 1594 696 te
1620 649 1669 695 in
1713 664 1978 709 summurn,

123 728 189 777 ad
227 729 364 791 quod
411 740 742 791 assumuntur,
787 730 1119 781 sacerdotium
1163 735 1562 796 consecrentur,'’
1607 737 1696 784 sed
1744 735 1868 784 nihil
1916 738 1980 785 de

123 815 380 878 sacrificio,
406 817 530 867 nihil
554 820 618 868 de
643 822 861 882 peccatis
884 821 1196 870 remittendis
1220 822 1454 885 loquitur.

190 985 341 1032 XIII.
383 986 462 1033 De
487 984 836 1048 episcoporum
861 984 1008 1035 titulo
1033 986 1324 1050 simpliciter
1340 996 1389 1036 et
1409 986 1575 1036 statim
1596 988 1977 1050 respondemus

121 1087 306 1121 nomen
335 1075 364 1097 “
382 1075 563 1121 summi
589 1073 906 1132 sacerdotis,’'
932 1076 1070 1123 nullo
1095 1076 1250 1124 modo
1277 1075 1610 1125 necessarium
1640 1093 1762 1136 esse,
1789 1078 1854 1126 ad
1879 1078 1979 1125 hoc

120 1161 337 1210 officium
378 1163 428 1210 in
470 1164 629 1211 forma
670 1162 1062 1212 consecrationis
1097 1163 1501 1214 describendum.
1576 1165 1802 1214 Ecclesia
1838 1167 1972 1214 enim

117 1250 354 1299 Africana
373 1250 522 1299 etiam
543 1268 571 1299 a
590 1251 880 1314 primatibus
901 1250 999 1300 suis
1018 1252 1114 1300 hoc
1132 1268 1318 1301 nomen
1346 1253 1608 1302 manifesto
1633 1253 1912 1317 repudiavit
1938 1253 1970 1303 :¹

119 1339 494 1402 “pontificalis''
536 1349 703 1389 autem
751 1341 994 1403 “gloria‚'’
1036 1356 1164 1403 quae
1201 1340 1452 1390 interdum
1491 1341 1541 1390 in
1568 1344 1974 1391 Sacramentariis

117 1427 378 1490 invenitur,
397 1428 631 1492 gentilem
659 1430 735 1478 vel
757 1428 1004 1478 iudaicam
1031 1428 1324 1492 dignitatem
1354 1429 1520 1492 potius
1539 1446 1690 1493 quam
1717 1429 1972 1480 ecclesias-

112 1518 267 1565 ticum
286 1517 515 1567 ordinem
531 1520 692 1568 refert.
742 1518 904 1567 Nobis
921 1535 1108 1567 nomen
1125 1520 1351 1582 episcopi
1373 1520 1570 1580 sufficit,
1588 1521 1727 1582 quod
1748 1521 1969 1569 officium

113 1622 288 1656 eorum
311 1607 538 1671 designet
563 1607 662 1671 qui,
691 1607 947 1671 Apostolis
983 1610 1201 1667 remotiS,
1230 1625 1345 1657 cum
1371 1608 1627 1672 praecipui
1652 1608 1701 1658 in
1743 1609 1969 1659 Ecclesia

114 1705 337 1758 pastores
362 1696 740 1759 permanserint,
767 1696 1035 1746 ordinandi
1060 1707 1109 1746 et
1134 1696 1470 1747 confirmandi
1494 1697 1569 1746 ius
1594 1707 1879 1748 exercerent
1904 1711 1967 1758 et,

112 1800 212 1834 una
253 1801 367 1834 cum
407 1787 703 1848 presbyteris
741 1785 982 1848 pluribus,
1025 1802 1175 1834 unam
1218 1787 1596 1848 “parochiam‚’'
1621 1788 1699 1835 vel
1737 1797 1791 1836 ut
1831 1803 1969 1836 nunc

114 1871 295 1922 dicitur
312 1873 580 1934 dioecesin,
603 1886 842 1938 regerent.
895 1877 1123 1936 Quorum
1150 1875 1312 1924 ordini
1335 1877 1469 1938 Papa
1494 1891 1545 1923 se
1566 1877 1744 1938 ipsum,
1767 1875 1818 1924 in
1838 1878 1963 1939 prin·

111 1961 244 2026 cipio
269 1964 508 2026 epistulae
534 1980 666 2022 suae,
694 1965 970 2013 secundum
999 1981 1187 2012 morem
1215 1964 1456 2012 maiorum
1494 1974 1627 2013 recte
1652 1965 1959 2014 adnumerat.

111 2052 406 2101 Sacerdotes
450 2054 556 2101 sine
599 2052 754 2102 dubio
794 2063 909 2101 sunt
951 2051 1189 2116 episcopi,
1233 2062 1286 2102 ut
1324 2062 1440 2101 sunt
1476 2053 1761 2116 presbyteri,
1803 2063 1853 2103 et
1900 2070 1962 2103 eo

110 2145 316 2193 nomine
361 2144 572 2193 saeculis
635 2143 999 2208 antiquioribus
1047 2144 1204 2208 magis
1259 2162 1410 2207 quam
1471 2145 1745 2208 presbyteri
1781 2148 1961 2208 gaude·

110 2233 263 2294 bant3
298 2242 348 2282 et
389 2243 566 2296 quarto
603 2235 679 2282 vel
717 2235 894 2296 quinto
942 2235 1147 2283 demum
1202 2235 1403 2283 saeculo
1453 2234 1737 2297 presbyteri,
1780 2237 1953 2284 saltem

107 2321 244 2383 apud
284 2322 505 2382 Latinos,
550 2322 836 2371 sacerdotes
883 2323 1034 2385 pleno
1082 2310 1205 2370 iure*
1235 2323 1333 2370 dici
1373 2324 1783 2372 consuescebant.
1858 2325 1958 2373 Sed

106 2409 223 2458 ideo
269 2408 536 2472 episcopos
595 2409 776 2458 nostris
842 2411 1151 2473 temporibus
1229 2412 1279 2458 in
1346 2412 1506 2459 forma
1565 2413 1956 2461 consecrationis

107 2498 136 2522 “
156 2513 378 2546 summos
403 2499 715 2547 sacerdotes’'
743 2497 841 2547 dici
884 2508 1114 2561 oportere
1157 2515 1258 2547 non
1296 2500 1530 2561 sequitur.
1603 2501 1762 2549 Aliter
1786 2501 1951 2550 forsan

104 2594 208 2635 erat
249 2586 313 2635 de
355 2586 704 2636 “sacerdotio''
751 2587 1099 2650 episcoporum
1149 2586 1358 2636 saeculis
1400 2586 1778 2650 antiquioribus,
1817 2598 1951 2639 certe

105 2691 263 2737 usque
299 2675 363 2723 ad
410 2690 600 2723 nonum
636 2684 684 2724 et
720 2676 925 2724 fortasse
962 2692 1119 2738 usque
1154 2677 1219 2725 ad
1262 2675 1603 2735 undecimum,
1642 2692 1755 2725 curn
1794 2678 1948 2727 homo

103 2764 269 2813 adhuc
301 2764 556 2824 diaconus,
583 2771 681 2826 per
709 2766 903 2823 saltum,
942 2765 1081 2827 quod
1119 2764 1312 2822 dicitur,
1341 2781 1490 2828 saepe
1527 2764 1792 2829 episcopus
1841 2766 1949 2815 sine

102 2854 440 2916 presbyteratu
466 2852 643 2902 fieret.2
737 2852 805 2902 Iis
840 2869 958 2916 ergo
982 2855 1291 2916 temporibus
1330 2864 1462 2903 certe
1505 2853 1743 2903 idoneum
1768 2857 1808 2903 si
1846 2871 1949 2905 non

155 2983 282 3023 XIII.
323 2983 338 3008 1
374 2983 480 3042 {ide
515 2983 633 3023 Cone.
663 2984 793 3024 Carth
815 2985 884 3023 III
908 2986 1020 3033 (A.D.
1047 2983 1145 3036 397)
1168 2998 1362 3024 canonem
1396 2984 1481 3024 26:
1518 2986 1546 3005 ‘⁶
1568 2986 1627 3026 Ut
1656 2985 1815 3037 primae
1838 2987 1949 3028 sedis

100 3048 319 3101 episcopus
339 3061 424 3089 non
442 3049 674 3101 appelletur
690 3049 882 3102 princeps
897 3050 1172 3098 sacerdotum,
1189 3058 1259 3089 aut
1280 3063 1464 3090 summus
1480 3051 1685 3098 sacerdos,
1704 3057 1774 3091 aut
1789 3051 1946 3105 aliquid

99 3113 353 3161 huiusmodi,
385 3113 458 3153 sed
484 3119 645 3153 tantum
680 3114 838 3166 primae
870 3114 978 3154 sedis
1009 3113 1273 3166 episcopus.”
1331 3114 1446 3154 Huic
1465 3123 1603 3154 autem
1623 3115 1802 3156 concilio
1822 3116 1947 3156 inter·

97 3177 224 3218 fuisse
258 3178 439 3218 creditur
473 3179 513 3219 S.
541 3179 798 3230 Augustinus
830 3179 1131 3231 Hipponensis
1197 3180 1333 3219 Locus
1353 3179 1405 3219 de
1424 3179 1503 3219 hoc
1534 3179 1700 3220 nomine
1718 3194 1742 3220 a
1764 3181 1944 3222 Baronio

103 3247 180 3283 etc.
207 3242 357 3283 citatus
377 3243 599 3295 Augustini
619 3250 730 3284 certe
751 3257 836 3284 non
857 3251 929 3284 est.

155 3318 282 3358 XIII.
317 3318 333 3344 ²
362 3318 429 3358 De
448 3317 526 3359 hac
557 3331 599 3358 re
630 3319 769 3359 confer
806 3319 1045 3359 Mabillonii
1075 3320 1412 3359 commentarium
1443 3320 1665 3370 praevium
1696 3321 1742 3359 in
1762 3314 1946 3362 ordinem

100 3382 338 3421 Romanum
359 3395 478 3434 capp.
500 3383 566 3422 xvi
580 3390 620 3423 et
638 3383 736 3423 xviii
756 3384 922 3436 (Migne
942 3385 1036 3424 Pat.
1062 3385 1155 3423 Lat.
1181 3391 1278 3423 tom.
1303 3383 1354 3433 78
1371 3397 1440 3435 pp.
1466 3393 1607 3434 912·3‚
1631 3391 1671 3423 et
1703 3386 1873 3435 919-20)
1905 3393 1945 3427 et

103 3445 294 3487 M‘artene
314 3447 361 3485 de
378 3452 464 3486 ant.
489 3449 574 3487 eccl.
603 3449 671 3488 rit.
698 3448 769 3489 lib.
801 3459 815 3488 1
841 3462 931 3501 cap.
957 3449 1043 3495 viii,
1067 3455 1142 3488 art.
1168 3448 1227 3497 iii,
1260 3462 1340 3488 sec.
1367 3458 1407 3498 9,
1436 3459 1498 3496 10,
1531 3455 1560 3488 t.
1584 3448 1613 3488 ii
1633 3462 1673 3501 p.
1700 3449 1779 3500 278
1798 3464 1879 3504 sq.‚
1903 3458 1944 3492 et

99 3511 289 3551 ordinem
311 3512 549 3552 Mabillonii
564 3513 637 3552 viii
658 3515 727 3562 (z
752 3514 943 3554 Martene
964 3514 999 3563 i)
1023 3515 1093 3566 qui
1114 3514 1157 3552 in
1193 3513 1407 3553 codicibus
1440 3526 1546 3554 saec.
1573 3514 1614 3553 ix
1629 3513 1852 3564 invenitur,
1872 3517 1946 3556 ubi

99 3580 215 3628 patet
234 3576 338 3616 nihil
359 3577 608 3617 discriminis
627 3578 782 3619 facturn
804 3578 927 3620 fuisse
947 3578 990 3619 in
1009 3578 1143 3618 forma
1162 3578 1196 3619 si
1227 3578 1532 3619 consecrandus
1552 3578 1752 3620 diaconus
1781 3587 1942 3621 tantum

101 3639 221 3683 foret.
255 3640 402 3684 Canon
419 3641 530 3682 enim
547 3642 804 3685 sardicensis
822 3653 910 3685 x111
928 3643 971 3685 in
981 3643 1211 3685 Occidente
1224 3656 1370 3696 parum
1383 3643 1638 3694 servabatur,
1651 3651 1709 3694 ut,
1721 3643 1828 3686 inter
1843 3645 1941 3695 alia,
