2216 3964
1015 367 1076 411 43

121 484 443 549 responsione
482 486 615 533 enim
659 484 889 535 S.C.S.O.
934 483 1051 532 anni
1099 486 1225 532 1860
1265 492 1531 533 occurrunt
1569 485 1719 533 verba
1779 484 1972 534 “detur

121 571 381 637 responsio
405 571 550 621 huius
576 572 687 623 S.C.
715 573 985 635 Supremae
1012 570 1354 634 Inquisitionis
1394 573 1476 621 fer.
1507 587 1559 620 1v
1584 589 1612 634 9
1640 574 1756 635 Apr.
1799 573 1972 634 1704.''

127 660 360 725 Sequitur
382 658 639 724 responsio
676 676 703 709 a
729 658 972 723 theologis
999 659 1242 709 Romanis
1267 659 1414 719 edita,
1442 661 1530 709 sed
1546 676 1681 709 nunc
1699 660 1968 723 repudiata.

131 751 195 800 Et
235 748 382 799 huius
424 748 714 799 documenti
756 750 1051 798 sententiam
1095 764 1227 797 anno
1272 750 1395 812 1875
1448 748 1724 800 Cardinalis
1779 750 1970 810 Patrizi,

113 837 417 889 -secretarius
460 838 707 898 S.C.S.O.,
749 852 839 900 pro
875 836 998 885 virili
1054 845 1192 899 parte
1251 835 1545 896 extenuavit,
1587 839 1637 885 P.
1683 835 1969 897 Franzelini‚

126 935 302 992 postea
326 926 614 985 CardinaliS‚
643 926 801 976 verbis
827 942 958 986 usuS,
986 924 1212 988 quamvis
1249 941 1352 973 non
1388 924 1556 974 omnia
1592 926 1656 973 ab
1693 941 1754 974 eo
1791 927 1972 988 scripta

129 1013 462 1079 divulgaverit.

196 1101 248 1153 Si
289 1104 414 1152 haec
457 1118 572 1166 ergo
615 1103 871 1165 responsio
896 1118 1010 1151 vera
1052 1111 1102 1151 et
1140 1101 1355 1165 genuina
1381 1111 1468 1163 est,
1497 1117 1731 1166 quaerere
1767 1100 1882 1151 licet
1907 1118 1970 1151 an

125 1193 172 1242 S.
207 1193 270 1243 Ο.
299 1193 511 1241 formam
545 1191 875 1241 ordinationis
915 1200 1114 1240 nostrae
1153 1207 1244 1254 pro
1277 1190 1576 1254 presbyteris
1612 1190 1972 1254 approbaverit,

125 1289 175 1330 et
198 1281 408 1330 formam
441 1279 832 1330 consecrationis
870 1279 1094 1343 episcopi
1138 1288 1333 1328 tantum
1359 1280 1748 1343 improbaverit?
1821 1281 1976 1330 Plane

130 1369 412 1419 nescimus:
448 1369 537 1418 sed
556 1385 658 1418 non
686 1369 814 1418 adeo
841 1367 1134 1418 incredibile
1154 1367 1270 1417 est.5

194 1458 244 1507 Si
286 1458 406 1506 falsa
447 1466 495 1507 et
538 1455 850 1520 supposititia
892 1465 981 1516 est,
1010 1457 1094 1505 ubi
1133 1457 1355 1519 gentium
1382 1472 1495 1504 vera
1538 1458 1777 1505 evanuit?
1813 1466 1861 1506 et
1888 1473 1974 1505 cur

127 1545 248 1595 falsa
294 1554 396 1595 tam
456 1546 544 1595 diu
591 1554 640 1594 et
694 1554 795 1594 tam
855 1543 1053 1607 publice
1098 1542 1266 1592 locum
1316 1546 1421 1593 eius
1482 1546 1682 1593 tenuit?
1752 1546 1816 1593 Et
1865 1544 1975 1607 quis

130 1634 337 1698 posthac
378 1634 546 1684 credat
588 1635 700 1684 ΞΟ.
747 1635 811 1683 de
858 1632 943 1682 tali
982 1631 1328 1691 controversia,
1374 1634 1449 1682 vel
1497 1632 1645 1682 etiam
1693 1634 1756 1683 de
1805 1632 1974 1683 indole

132 1723 547 1788 documentorum
573 1739 789 1783 suorum,
818 1722 1056 1771 idoneum
1081 1731 1258 1771 testem
1292 1725 1435 1771 esse?

195 1813 306 1862 Has
331 1813 397 1862 ob
422 1827 597 1861 causas
621 1813 727 1860 iure
763 1812 978 1860 dicimus
1015 1810 1246 1860 tenebras
1283 1812 1329 1860 S.
1370 1809 1551 1860 Officio
1589 1810 1912 1860 circumfusas
1950 1828 1978 1860 a

121 1899 296 1951 litteris
322 1902 489 1964 Papae
515 1901 701 1950 Leonis
726 1916 902 1964 parum
928 1898 1192 1963 dissipatas
1228 1900 1392 1948 fuisse.
1468 1900 1788 1948 Documenta
1822 1914 1977 1963 penes

128 1989 242 2040 S.O.
271 1997 640 2048 conservantur,
668 1998 718 2038 et
754 1987 943 2052 publici
979 1989 1095 2037 iuris
1131 1986 1237 2037 fieri
1273 1988 1461 2036 debent
1500 1986 1540 2036 si
1580 1987 1774 2037 veritati
1812 2003 1975 2037 rerum

128 2077 494 2127 consulendum
519 2079 594 2126 sit.
670 2079 744 2127 Ut
768 2093 905 2126 nunc
929 2085 1100 2126 tamen
1124 2092 1202 2125 res
1227 2084 1409 2136 manet,
1449 2092 1599 2125 nemo
1635 2085 1710 2126 est
1746 2078 1831 2139 qui
1874 2093 1975 2125 non

131 2164 319 2216 iudicet
353 2181 555 2215 causam
593 2166 972 2215 Gordonianam
1014 2164 1267 2214 imbecillo
1310 2174 1358 2213 et
1399 2166 1619 2214 invalido
1662 2166 1978 2215 firmamento

131 2269 251 2314 esse,
279 2254 320 2303 si
356 2252 468 2317 quis
503 2253 705 2304 ordines
739 2263 936 2304 nostros
975 2254 1042 2303 ob
1084 2254 1274 2316 praxim
1312 2252 1477 2302 curiae
1514 2254 1777 2303 Romanae
1815 2254 1980 2303 nullos

129 2358 238 2394 esse
261 2344 470 2406 probare
494 2342 717 2393 voluerit.

185 2494 297 2546 App.
323 2492 339 2517 ⁵
368 2493 510 2534 Credit
543 2493 739 2546 Gasparri
775 2494 949 2533 Paulum
975 2493 1038 2532 IV
1059 2491 1342 2532 ordinationes
1371 2500 1531 2532 nostras
1561 2506 1636 2545 pro
1657 2493 1905 2544 presbyteris
1936 2499 1977 2532 et

132 2557 319 2598 diaconis
348 2558 628 2610 approbasse:
659 2558 726 2596 De
742 2558 784 2596 la
804 2557 950 2596 valeur
968 2557 1032 2596 des
1056 2556 1325 2596 Ordinations
1346 2557 1595 2608 Anglicanes
1627 2570 1695 2609 pp.
1727 2568 1789 2606 14,
1819 2565 1879 2608 15,
1903 2566 1970 2608 45,

134 2622 248 2662 Paris
269 2622 382 2674 1895.
445 2622 508 2662 Cf.
532 2635 654 2674 supra
674 2635 714 2674 p.
745 2632 806 2661 12.
