2216 3964
1018 341 1078 386 29

118 461 459 513 Orientalibus
483 459 636 511 hodie
673 461 956 510 communis
999 458 1112 520 est,1
1149 456 1377 522 quamvis
1425 458 1667 507 ecclesiae
1706 458 1967 505 Romanae

118 555 358 615 antiquae
394 552 668 614 incognita.

181 634 304 689 Una¹
317 641 463 702 igitur
477 637 681 687 materia
696 636 747 685 in
767 637 1102 700 imprimendo
1118 637 1403 684 charactere
1419 636 1688 684 utebantur
1704 632 1875 691 nostri,
1898 650 1965 682 sc.

115 726 432 790 impositione
451 742 703 784 manuum,
723 741 822 774 una
841 727 891 773 in
908 725 1151 774 tradenda
1166 732 1413 787 potestate
1429 722 1631 786 publice
1656 721 1968 770 ministrandi

115 823 166 864 et
202 817 463 864 facultates
497 813 762 864 exercendi
796 830 944 876 super
977 828 1177 876 gregem
1212 813 1483 874 unicuique
1526 810 1867 867 commissum,
1901 827 1966 858 sc.

118 904 396 954 Bibliorum
428 906 506 954 vel
534 905 919 966 Evangeliorum
946 901 1226 961 traditione,
1249 917 1399 963 quam
1427 916 1487 948 ex
1511 899 1607 948 ritu
1636 915 1821 948 novum
1842 901 1970 962 epis-

118 1007 300 1055 copum
328 990 662 1055 inaugurandi
686 999 736 1040 et
760 988 1004 1038 similibus
1030 988 1261 1037 videntur
1296 987 1614 1045 adsumsisse‚
1642 996 1696 1035 ut
1730 985 1780 1034 in
1808 988 1972 1035 Ponti-

119 1080 249 1130 ficali
269 1089 439 1129 manet
465 1077 848 1143 Evangeliorum
871 1076 1071 1126 traditio
1097 1085 1212 1138 post
1235 1077 1478 1124 annulum
1515 1074 1756 1138 episcopo
1781 1075 1969 1124 datum.

120 1170 325 1220 Ceteras
344 1170 481 1218 velut
502 1168 821 1218 traditionem
848 1167 1288 1215 instrumentorum
1310 1175 1360 1215 et
1380 1174 1802 1223 ornamentorum,
1826 1167 1972 1214 bene-

119 1258 392 1308 dictionem
407 1267 458 1308 et
482 1267 772 1307 unctlonem
793 1272 1031 1304 manuum
1053 1265 1103 1306 et
1122 1253 1313 1318 capitis,
1336 1271 1450 1303 curn
1472 1253 1782 1304 orationibus
1802 1270 1972 1303 conse-

119 1348 402 1411 quentibus,
429 1347 676 1396 recentius
702 1346 966 1405 institutas,
989 1354 1038 1394 et
1063 1344 1113 1392 in
1136 1343 1378 1394 Ordinale
1403 1345 1663 1406 antiquum
1687 1344 1974 1392 Romanum

120 1452 182 1485 ex
201 1436 310 1484 aliis
334 1436 629 1498 plerumque
643 1433 874 1498 gentibus
900 1442 950 1482 et
973 1431 1261 1496 praesertim
1290 1447 1349 1481 ex
1367 1432 1531 1480 Gallia
1554 1441 1804 1495 acceptaS,
1827 1434 1978 1495 pleno

114 1529 222 1575 iure
244 1523 609 1584 rescindebant.
686 1523 939 1572 Porrectio
966 1523 1423 1581 instrumentorum,
1453 1529 1507 1570 ut
1543 1522 1663 1570 satis
1688 1530 1883 1581 notum,
1912 1539 1971 1572 ex

114 1611 340 1662 formulis
364 1613 594 1662 ordinum
622 1610 871 1660 minorum
897 1611 1048 1670 fluxit,
1076 1619 1124 1660 et
1145 1609 1522 1659 Pontificalibus
1561 1618 1678 1659 ante
1717 1611 1971 1659 saeculum

118 1715 175 1749 Χῐ
207 1699 459 1765 incognita
482 1699 586 1761 fuit,
614 1716 716 1763 quo
758 1710 983 1763 ternpore
1025 1717 1053 1748 a
1094 1700 1415 1763 scriptoribus
1453 1700 1668 1762 primurn
1712 1700 1976 1749 memorari

119 1790 330 1840 videtur.
427 1791 543 1838 Hac
567 1791 831 1861 reformata
856 1788 1112 1839 recidebat
1146 1790 1297 1839 etiam
1330 1791 1543 1838 formula
1568 1805 1698 1838 nova
1736 1790 1975 1854 “Accipe

121 1887 421 1942 potestatem
446 1880 621 1928 offerre
646 1878 944 1928 sacrificium
974 1879 1086 1928 Deo
1123 1879 1427 1941 missamque
1461 1877 1560 1940 (vel
1597 1887 1651 1928 ut
1693 1877 1743 1928 in
1778 1878 1978 1928 Pontifi-

123 1968 218 2016 cali
243 1969 476 2017 Romano
517 1970 544 1992 “
564 1968 891 2030 missasque'')
917 1967 1168 2017 celebrare
1192 1976 1294 2016 tam
1333 1983 1424 2030 pro
1450 1965 1573 2016 vivis
1598 1983 1749 2030 quam
1778 1985 1869 2032 pro
1894 1969 1976 2018 de-

124 2057 355 2117 functiS,''
374 2065 473 2107 ete.
521 2056 697 2106 Oratio
713 2072 830 2105 vero
855 2057 920 2106 ad
938 2056 1310 2106 benedicendas
1337 2072 1516 2105 manus
1536 2058 1686 2106 etiarn
1702 2066 1820 2106 ante
1846 2073 1974 2108 sace.

122 2160 214 2194 XVI
239 2147 305 2196 ad
325 2146 564 2210 placitum
583 2146 807 2209 episcopi
822 2145 922 2195 dici
941 2147 1019 2195 vel
1036 2144 1221 2196 dimitti
1239 2154 1450 2209 poterat.
1506 2145 1697 2195 Unctio
1717 2147 1978 2196 Gallicana

122 2240 172 2281 et
233 2233 517 2281 Britannica
554 2240 643 2292 est,
693 2247 795 2280 non
846 2233 1094 2280 Romana.
1188 2233 1308 2280 Non
1367 2233 1500 2280 enim
1551 2231 1713 2280 solum
1764 2248 1794 2279 a
1840 2231 1978 2280 libris

125 2319 475 2369 “Leoniano''
516 2328 565 2368 et
611 2319 970 2368 “Gelasimo'’
1017 2319 1174 2378 abest,
1199 2311 1298 2368 ‘sed
1335 2320 1399 2368 ab
1436 2319 1697 2368 ordinibus
1722 2333 1818 2367 VI11
1845 2330 1895 2369 et
1921 2334 1977 2368 1x

127 2410 409 2460 Mabillonii
445 2419 492 2459 et
529 2426 557 2458 a
597 2411 623 2435 “
644 2410 689 2458 S.
710 2410 976 2470 Amandi‚''
1001 2410 1086 2472 qui
1112 2407 1311 2470 saeculi,
1340 2418 1393 2457 ut
1418 2409 1627 2466 videtur,
1655 2423 1838 2456 vl11-1x
1863 2425 1980 2458 con-

123 2500 438 2550 suetudinem
465 2508 847 2562 repraesentant.
922 2501 1076 2548 Porro
1113 2500 1314 2548 saeculo
1348 2514 1483 2547 nono
1510 2498 1750 2548 Nicolaus
1787 2501 1926 2562 Papa
1955 2502 1975 2546 I

125 2586 296 2637 scribit
318 2602 421 2638 A.D.
451 2590 550 2649 874
590 2588 652 2637 ad
680 2588 956 2636 Rudolfum
1001 2586 1377 2645 Bituricensem,
1419 2589 1469 2634 in
1511 2588 1742 2636 Romana
1768 2589 1980 2637 ecclesia

127 2691 220 2724 nec
267 2675 664 2738 presbyterorum
712 2690 807 2724 nec
851 2674 1175 2724 diaconorum
1231 2691 1408 2724 manus
1464 2673 1731 2724 chrismate
1768 2676 1981 2739 inungi.2

181 2807 348 2848 XVIII.
387 2805 398 2830 ¹
426 2807 532 2847 Vide
553 2807 1007 2857 ConstitutionesApaft.
1021 2805 1103 2846 viii.
1122 2818 1147 2855 4
1163 2813 1202 2845 et
1222 2807 1384 2845 Statum
1404 2807 1808 2857 Ecclesiaeantiquae
1818 2819 1979 2846 canone

123 2883 163 2921 2,
196 2885 303 2925 quae
338 2873 570 2919 Gallicana,
605 2885 654 2911 ex
675 2871 888 2923 provincia
926 2871 1176 2918 Arelatensi,
1200 2871 1407 2918 videntur,
1431 2870 1622 2923 quamvis
1642 2871 1850 2910 interdum
1873 2872 1978 2911 falso

127 2937 297 2978 nomine
332 2937 509 2979 Concilii
531 2935 871 2988 Carthaginensis
902 2936 964 2974 IV
986 2935 1337 2975 circumferantur.
1403 2937 1530 2976 Hunc
1560 2937 1683 2975 ritum
1714 2937 1769 2975 ab
1803 2938 1978 2977 ecclesia

128 3003 320 3043 Romana
353 3003 535 3042 alienum
566 3001 688 3042 fuisse
722 3001 875 3041 diserte
913 3008 1084 3039 testatur
1123 3007 1266 3040 auctor
1306 3001 1413 3047 libri,
1447 3002 1518 3052 qni
1557 3001 1599 3040 in
1639 3001 1808 3041 Alcuini
1848 3003 1979 3042 nostri

127 3067 323 3119 operibus
357 3067 507 3115 editur,
550 3067 597 3106 de
636 3066 792 3104 divinis
823 3065 961 3117 officiis
991 3079 1080 3116 cap.
1117 3066 1289 3113 xxxvii„
1336 3079 1444 3104 saec.
1489 3064 1664 3104 fortasse
1703 3065 1792 3104 xi.:
1845 3067 1978 3105 “non

129 3131 330 3182 reperitur
364 3132 406 3172 in
438 3131 684 3172 auctoritate
714 3130 844 3170 veteri
883 3144 1018 3182 neque
1056 3143 1178 3177 nova,
1221 3143 1356 3182 neque
1390 3131 1432 3168 in
1475 3131 1666 3169 Romana
1705 3130 1981 3170 traditione.”

133 3196 298 3249 (Migne
319 3197 424 3236 P.L.
450 3202 550 3236 tom.
581 3207 651 3236 101
683 3210 721 3248 p.
753 3196 887 3246 1237):
951 3195 1004 3233 Et
1025 3195 1082 3234 sie
1104 3195 1337 3234 Amalarius
1366 3195 1412 3233 de
1427 3196 1512 3234 eccl.
1538 3195 1603 3246 (ff
1621 3195 1657 3234 -ii
1683 3206 1730 3244 14
1753 3195 1876 3242 (RL.
1907 3205 1980 3246 105

132 3274 171 3313 p.
203 3263 337 3311 1092).
406 3262 473 3301 De
492 3274 567 3301 usu
588 3261 630 3301 in
650 3260 960 3301 consecratione
983 3273 1115 3311 papae
1136 3260 1230 3299 vide
1255 3259 1472 3299 Mabillon.
1505 3260 1601 3298 Ord.
1629 3260 1666 3297 ix
1690 3268 1725 3310 5.

189 3347 356 3386 XVIII.
381 3347 398 3372 2
428 3346 574 3398 Migne
595 3347 688 3385 Pat.
711 3347 804 3385 Lat.
827 3352 925 3384 tom.
955 3356 1028 3394 119
1053 3359 1091 3396 p.
1125 3344 1219 3394 884,
1241 3345 1310 3383 ubi
1333 3352 1571 3384 numeratur
1587 3345 1706 3396 epist.
1733 3345 1798 3384 66.
1854 3346 1919 3385 Cf.
1946 3355 1986 3386 et

138 3412 332 3450 Martene
366 3410 413 3449 de
440 3416 525 3450 ant.
550 3423 619 3450 ecc.
647 3411 713 3449 rit.
754 3410 824 3449 lib.
857 3420 870 3447 1
906 3423 995 3461 cap.
1024 3409 1093 3448 viii
1124 3415 1199 3447 art.
1234 3409 1272 3446 ix
1308 3422 1386 3448 sec.
1409 3420 1434 3458 9
1464 3417 1502 3447 et
1540 3420 1598 3457 14.
1669 3410 1788 3448 Haec
1816 3409 1988 3450 Nicolai

133 3476 349 3528 responsio
392 3476 655 3514 “Praeterea
702 3473 950 3515 „sciscitaris”
988 3474 1029 3512 in
1071 3473 1261 3513 Gratiani
1301 3475 1467 3514 Decreto
1505 3474 1596 3513 dist.
1641 3474 1752 3513 xxiii.
1797 3487 1888 3529 cap.
1938 3486 1985 3515 12

137 3540 352 3580 inseritur.
