2216 3964
1013 347 1067 378 11

120 472 236 515 ante
267 456 541 515 adventum
586 481 730 515 suum
766 467 1057 515 existentem
1101 474 1411 528 agnosceret,
1446 475 1495 517 et
1535 483 1712 516 omnes
1748 466 1875 516 vires
1910 463 1974 514 ad

121 553 439 603 dominatum
485 557 649 617 Papae
691 553 1057 602 restituendum
1106 564 1436 604 converteret.
1512 558 1575 603 In
1612 571 1713 617 quo
1755 571 1884 603 unus
1925 562 1976 602 et

122 643 289 692 forsan
331 643 455 692 alter
490 643 681 706 (plures
705 644 840 691 enim
881 642 1047 691 adhuc
1091 657 1193 690 non
1233 643 1428 692 inventi
1467 643 1604 707 sunt)
1631 645 1724 692 sub
1752 643 1879 691 Polo
1910 657 1981 690 re-

121 729 340 780 ordinati
381 740 510 791 sunt,
538 731 684 780 annis
709 747 777 780 se.
811 743 941 794 1554
969 740 1018 779 et
1050 745 1176 794 1557
1202 750 1214 791 3
1251 748 1352 794 quo
1395 742 1564 781 tamen
1602 748 1737 780 anno
1781 732 1833 779 hi
1871 732 1975 779 duo

122 833 322 868 cursum
354 818 738 868 reordinationis
769 819 1064 882 inceperint,
1091 819 1336 869 incertum
1363 829 1452 870 est.
1536 822 1701 881 Certe,
1729 829 1844 883 post
1870 819 1980 868 Poli

123 908 409 969 adventurn,
437 907 730 971 paucissimi
755 907 1026 957 reordinati
1051 917 1185 958 sunt.
1257 911 1356 957 Alii
1381 911 1548 958 forsan
1574 911 1980 972 supplementum

128 995 320 1060 aliquid
356 996 560 1058 ordinis,
588 999 940 1060 qualecunque
978 997 1105 1047 illud
1130 996 1295 1058 fuerit,
1322 1008 1642 1062 acceperunt,
1670 999 1760 1047 sed
1797 999 1893 1046 hoc
1930 999 1979 1045 in

124 1084 365 1150 Registris
391 1085 572 1136 nostris
597 1102 702 1135 non
726 1095 945 1149 apparet.
1683 1078 1686 1081 ⁴

187 1176 290 1226 Sed
325 1174 366 1225 si
402 1177 546 1225 multi
582 1177 674 1225 sub
714 1177 999 1240 Reginaldo
1037 1176 1177 1235 Polo,
1215 1177 1382 1239 legato
1421 1178 1670 1235 Romano,
1708 1171 1983 1223 reordinati

117 1273 300 1324 essent,
359 1263 486 1313 nihil
542 1265 826 1314 mirandum
878 1267 1067 1325 fuisset,
1116 1282 1231 1314 cum
1291 1266 1374 1314 ille
1423 1263 1475 1313 in
1534 1265 1982 1314 constitutionibus

117 1355 220 1404 suis
276 1352 504 1418 legatinis
562 1353 849 1413 duodecim,
909 1355 974 1403 ad
1032 1355 1223 1403 calcem
1279 1354 1650 1402 constitutionis
1707 1352 1977 1409 secundae,

123 1443 335 1506 Eugenii
354 1443 432 1491 IV
458 1444 731 1492 Decretum
767 1458 858 1505 pro
882 1443 1118 1491 Armenis
1143 1441 1468 1502 subiunxerit,
1494 1445 1523 1468 “
1542 1443 1688 1505 quia'’
1709 1450 1762 1490 ut
1788 1442 1857 1490 ait
1880 1440 1977 1489 “in

119 1529 180 1580 iis
220 1546 352 1594 quae
386 1531 452 1580 ad
487 1532 770 1580 doctrinam
818 1529 997 1594 capitis
1034 1532 1276 1581 ecclesiae
1312 1539 1361 1580 et
1400 1540 1827 1580 sacramentorum
1865 1545 1976 1592 per-

117 1618 281 1670 tinent
329 1619 413 1668 hic
471 1619 583 1683 (i.e.,
631 1619 684 1668 in
737 1618 940 1684 Anglia)
994 1621 1207 1669 maxime
1262 1628 1476 1669 erratum
1536 1621 1680 1669 est.'’⁵²
1753 1621 1817 1668 Et
1878 1620 1976 1667 hoc

119 1724 224 1759 non
281 1717 337 1758 ut
393 1709 798 1772 archiepiscopus
862 1716 1033 1758 noster
1083 1710 1173 1758 sed
1245 1719 1298 1758 ut
1364 1711 1558 1773 legatus
1619 1711 1784 1771 Papae
1844 1710 1976 1757 fecit.

119 1799 273 1847 Anno
321 1797 454 1848 enim
495 1800 623 1861 1556
665 1799 872 1847 ineunte
910 1799 1006 1847 hae
1046 1797 1431 1848 constitutiones
1463 1800 1806 1861 promulgatae
1844 1806 1976 1846 sunt.

120 1886 383 1950 Presbyter
429 1896 597 1937 autem
650 1889 801 1936 Polus
834 1888 1094 1936 ordinatus
1154 1888 1358 1936 tandem
1401 1889 1495 1936 fuit
1538 1887 1620 1937 die
1674 1902 1748 1935 xx
1791 1888 1979 1936 mensis

121 1977 292 2025 Martii
356 1975 581 2026 eiusdem
648 1976 797 2038 anni,
866 1985 915 2026 et
979 1975 1207 2040 proximo
1255 1978 1352 2035 die,
1403 1993 1505 2040 quo
1569 1976 1975 2040 archiepiscopus

116 2074 287 2115 noster
326 2064 576 2129 legitimus
602 2067 905 2116 Cranmerus
938 2063 1076 2115 vivus
1115 2067 1409 2115 combustus
1449 2076 1538 2125 est,
1574 2065 1773 2115 missam
1817 2066 1978 2129 prima

117 2155 226 2204 vice
251 2155 470 2203 cantavit
490 2172 503 2215 ;
539 2153 621 2203 die
646 2170 764 2203 vero
789 2168 907 2202 xxn
932 2153 1341 2217 archiepiscopus
1366 2163 1689 2203 consecratus
1715 2164 1802 2204 est.

189 2243 396 2294 Decreti
429 2251 598 2293 autem
630 2245 842 2307 Eugenii
869 2245 961 2303 IV,
989 2260 1018 2292 a
1042 2245 1170 2292 Polo
1198 2242 1426 2315 repetiti,
1446 2243 1597 2293 verba
1633 2244 1715 2292 hic
1748 2242 1974 2301 citamUS,

121 2349 236 2382 cum
259 2333 408 2398 plane
434 2333 703 2382 ostendant
727 2349 879 2395 quam
906 2332 1153 2382 lubricum
1179 2342 1230 2382 et
1253 2332 1507 2381 infirmum
1533 2334 1679 2383 fuerit
1713 2333 1763 2381 in
1804 2335 1898 2382 hac
1924 2349 1975 2381 re

123 2423 390 2471 Romanae·
421 2422 660 2471 ecclesiae
701 2420 958 2470 iudicium.
1047 2423 1202 2470 Porro
1239 2437 1351 2469 cum
1382 2424 1487 2470 Leo
1522 2438 1653 2485 papa
1690 2421 1968 2470 doctrinam

125 2509 237 2560 Poli
281 2510 333 2559 in
385 2511 479 2559 hac
538 2527 589 2559 re
637 2511 906 2571 collaudet,
957 2518 1006 2559 et
1065 2511 1247 2559 scribat
1296 2510 1515 2559 alienum
1567 2526 1770 2573 prorsus
1818 2509 1970 2559 fuisse

124 2602 367 2664 Legatum
425 2615 454 2647 a
513 2599 662 2662 Papis
719 2597 1098 2648 commonefieri
1150 2600 1261 2647 “de
1317 2599 1387 2647 eis
1457 2615 1586 2661 quae
1653 2609 1968 2648 sacramento

124 2685 310 2736 ordinis
357 2686 673 2735 conficiendo
721 2701 926 2735 necesse
975 2685 1132 2746 sunt''‚
1183 2684 1375 2735 decreti
1425 2686 1708 2749 Eugeniani
1769 2687 1968 2749 penitus

127 2774 351 2826 oblivisci
375 2773 582 2834 videtur,
629 2775 768 2838 quod
821 2776 872 2822 in
921 2774 1017 2823 alia
1064 2784 1203 2836 parte
1252 2774 1532 2823 litterarum
1583 2791 1784 2824 suarum
1821 2775 1970 2825 tacite

127 2864 415 2929 repudiavit.
457 2863 557 2928 (Cf.
590 2862 613 2928 ξ
644 2880 671 2926 3
698 2872 746 2912 et
771 2861 793 2928 ξ
819 2862 883 2926 5).
960 2865 1214 2912 “Sextum
1249 2873 1619 2912 sacramentum
1647 2874 1722 2913 est
1747 2864 1937 2914 ordinis
1963 2885 1972 2914 ε

119 2956 260 3004 cuius
284 2953 487 3004 materia
511 2962 585 3003 est
606 2950 745 3011 illud,
773 2968 860 3015 per
885 2949 1024 3000 cuius
1049 2951 1367 3001 traditionem
1393 2954 1643 3001 confertur
1662 2954 1787 3002 ordo
1809 2973 1817 3003 z
1844 2952 1974 3002 sicut

122 3043 484 3107 presbyteratus
513 3040 720 3091 traditur
751 3057 840 3103 per
875 3039 1042 3103 calicis
1075 3057 1191 3089 cum
1223 3039 1356 3100 vin0,
1388 3049 1439 3090 et
1476 3043 1677 3103 patinae
1702 3057 1816 3090 cum
1843 3058 1974 3104 pane

122 3130 514 3196 porrectionem:
549 3129 840 3180 diaconatus
865 3145 983 3178 vero
1015 3145 1103 3192 per
1134 3128 1247 3178 libri
1279 3130 1649 3192 evangeliorum
1685 3129 1973 3179 dationem:

121 3220 510 3271 subdiaconatus
550 3235 667 3269 vero
708 3235 797 3282 per
837 3216 1004 3267 calicis
1046 3217 1191 3267 vacui
1239 3234 1354 3266 cum
1395 3217 1566 3281 patina
1605 3235 1766 3267 vacua
1807 3235 1976 3282 super-

179 3331 256 3372 VI.
278 3329 296 3354 ²
315 3330 424 3371 Vide
444 3329 578 3371 Labb.
602 3336 642 3370 et
664 3329 845 3370 Cossart.
875 3329 1059 3369 concilia
1081 3334 1180 3368 tom.
1206 3327 1274 3367 xiv
1295 3341 1334 3380 p.
1366 3336 1482 3377 1740,
1519 3327 1644 3367 Paris.
1668 3328 1785 3377 1672,
1809 3333 1850 3368 et
1870 3334 1971 3369 tom.

127 3395 199 3436 xiii
232 3409 273 3449 p.
314 3395 391 3448 538
440 3396 494 3436 ad
527 3405 624 3435 A-D.
668 3405 786 3446 1439.
875 3393 1033 3435 Confer
1067 3394 1194 3433 etiam
1234 3393 1422 3432 Concilia
1459 3393 1578 3444 Alag.
1616 3394 1871 3433 Britanniae
1905 3396 1971 3434 ed.

126 3460 310 3501 Wilkins
346 3466 446 3501 tom.
489 3459 531 3499 iv
569 3473 610 3512 p.
650 3470 722 3499 121
769 3460 850 3500 col.
876 3470 901 3499 2
935 3458 1007 3512 qui
1048 3458 1154 3498 liber
1183 3458 1353 3509 paulurn
1394 3457 1530 3497 differt
1571 3464 1611 3497 et
1645 3459 1772 3498 verba
1806 3460 1979 3500 Decreti

128 3523 365 3578 Eugeniani
384 3524 565 3565 omittit.
594 3521 768 3564 Constat
787 3523 964 3575 Eugenii
981 3524 1106 3562 verba
1127 3536 1177 3562 ex
1194 3522 1420 3574 Aquinatis
1435 3523 1701 3573 Expositione
1718 3524 1763 3563 in
1784 3526 1977 3564 articulos

125 3589 224 3639 fidei
246 3594 283 3628 et
311 3594 568 3630 sacramenta
600 3589 777 3628 ecclesiae
803 3589 1048 3640 plerumque
1069 3600 1158 3627 esse
1179 3587 1367 3626 desumta
1398 3587 1491 3638 (Op.
1517 3593 1618 3628 tom.
1643 3588 1715 3628 viii
1746 3602 1815 3641 pp.
1840 3598 1975 3641 45-9

133 3652 281 3694 Venet.
313 3652 448 3704 1776).
