2216 3964
1041 356 1099 399 23

147 473 347 532 officium
383 478 429 518 et
457 479 575 532 ope-cs
611 473 814 532 εγὼ-σφι·
849 473 923 519 vel
958 474 1215 520 sacerdotis
1246 474 1327 534 (cf.
1358 474 1481 520 infra
1514 489 1620 534 cap.
1651 487 1721 519 xv
1751 482 1797 521 et
1836 484 1938 520 not.
1967 489 1984 518 1

139 569 187 608 et
208 560 264 621 3)
284 559 619 622 designarent.
685 561 750 607 Et
777 559 941 607 innuit
966 562 1117 608 verba
1155 562 1240 608 illa
1268 560 1478 609 Domini
1504 560 1678 622 nostri,
1701 559 1809 610 sine
1827 561 1991 609 verbis

142 657 318 709 postea
341 645 539 706 additis,
566 663 670 696 non
713 662 800 709 per
825 663 878 695 se
920 649 1037 696 satis
1063 647 1215 697 fuisse
1254 650 1342 697 sed
1379 665 1555 697 manca
1583 659 1633 698 et
1657 665 1759 697 non
1786 647 1983 699 idonea.

140 735 239 784 Sed
258 734 308 782 in
326 734 607 783 Pontificali
628 737 875 795 Romano,
894 751 1009 783 cum
1027 746 1348 784 consecretur
1374 739 1656 800 Episcopus
1682 754 1770 800 per
1786 742 1986 801 imposi-

140 819 327 870 tionem
353 837 588 870 manuum
613 821 971 871 consecratoris
1004 831 1053 870 et
1077 822 1414 871 assistentium
1443 823 1811 886 Episcoporum
1829 826 1987 873 forma

138 911 244 959 sola
259 918 334 959 est
354 911 578 973 “Accipe
595 911 830 973 Spiritum
847 913 1121 960 sanctum.''
1161 913 1219 958 In
1239 911 1617 960 Pontificalibus
1633 922 1800 961 autem
1823 929 1987 962 recen-

145 996 351 1048 tioribus
377 997 556 1047 nostris
590 997 799 1061 Spiritus
825 1008 1025 1048 sanctus
1062 998 1385 1048 invocabatur
1410 1015 1496 1062 per
1523 1003 1785 1064 Hymnum
1815 1002 1986 1051 “Veni

139 1088 394 1148 Creator,''
410 1086 680 1136 Exoniensi
706 1095 916 1150 excepto
932 1086 981 1135 in
1004 1104 1105 1150 quo
1124 1089 1277 1136 forma
1298 1090 1528 1137 Romana
1552 1089 1763 1139 additur.
1804 1091 1986 1153 Seque-

136 1178 282 1226 batur
295 1179 453 1226 oratio
472 1177 536 1226 de
556 1193 710 1225 cornu
735 1175 918 1239 gratiae
937 1177 1271 1225 sacerdotalis.
1313 1178 1426 1236 Sed,
1451 1187 1503 1226 ut
1522 1178 1752 1238 diximus,
1772 1180 1822 1227 in
1849 1180 1989 1227 nulla

134 1267 370 1326 oratione,
411 1274 525 1314 ante
561 1265 988 1313 consecrationem
1037 1266 1322 1326 perfectam,
1367 1274 1572 1327 apparet
1615 1267 1662 1313 in
1707 1266 1982 1315 l'ontificali

134 1369 320 1404 nomen
341 1353 563 1417 episcopi
578 1355 654 1402 vel
675 1355 1019 1416 episcopatus,
1044 1352 1111 1402 ita
1131 1362 1185 1401 ut
1204 1352 1466 1402 videantur
1487 1356 1656 1402 Patres
1673 1353 1830 1403 nostri
1849 1371 1984 1404 anno

142 1457 271 1506 1550
306 1451 357 1492 et
392 1451 580 1506 postea,
610 1441 649 1490 si
700 1443 751 1490 in
795 1444 957 1491 forma
993 1440 1280 1500 erraverint,
1308 1451 1362 1490 ut
1405 1441 1571 1491 innuit
1608 1445 1756 1505 Papa,
1796 1443 1986 1492 omisso

133 1532 338 1580 nomine
358 1532 593 1594 episcopi,
621 1547 719 1580 una
739 1547 852 1579 cum
873 1531 1084 1580 ecclesia
1106 1531 1339 1579 Romana
1363 1531 1605 1580 hodierna
1626 1549 1827 1581 errasse.
1880 1533 1981 1582 Sed

130 1619 218 1670 illo
237 1629 461 1683 ternpore
477 1621 718 1669 continuo
742 1620 878 1683 apud
898 1635 991 1668 nos
1017 1620 1355 1682 sequebantur
1375 1620 1524 1668 verba
1550 1622 1595 1669 S.
1628 1622 1771 1669 Pauli
1797 1622 1981 1683 quibus

129 1710 425 1759 credebatur
466 1725 741 1758 memorare
780 1709 1208 1758 consecrationem
1238 1711 1284 1758 S.
1313 1710 1570 1758 Timothei
1612 1708 1661 1757 in
1687 1711 1980 1772 episcopum

132 1795 421 1860 Ephesium,
443 1805 492 1846 et
518 1796 781 1847 manifesto
806 1799 857 1845 in
882 1798 1017 1846 hunc
1042 1813 1243 1847 sensum
1268 1807 1516 1863 usurpata.
1590 1799 1715 1846 Sunt
1730 1813 1848 1846 vero
1877 1799 1983 1847 “Et

129 1896 381 1936 memento
399 1896 452 1936 ut
478 1887 736 1936 resuscites
754 1886 959 1951 gratiam
988 1889 1084 1936 Dei
1103 1903 1233 1950 quae
1257 1898 1332 1936 est
1351 1885 1400 1935 in
1429 1897 1476 1936 te
1493 1903 1580 1950 per
1606 1887 1977 1950 impositionem

127 1992 380 2024 manuum.
473 1978 590 2026 Non
617 1977 750 2026 enim
776 1975 916 2026 dedit
946 1976 1092 2024 nobis
1120 1978 1258 2025 Deus
1294 1975 1519 2038 spiritum
1561 1975 1751 2024 timoris
1777 1977 1866 2026 sed
1890 1975 1983 2024 vir-

127 2066 245 2113 tutis
262 2073 311 2114 et
327 2063 607 2114 dilectionis
623 2074 673 2114 et
689 2063 994 2114 sobrietatis’⁷
1006 2065 1021 2126 <
1033 2082 1054 2111 2
1077 2066 1197 2113 Τίνι.
1213 2064 1226 2112 i
1241 2063 1359 2125 6‚7).
1409 2067 1470 2114 Et
1486 2067 1732 2115 recordari
1750 2066 1974 2129 potestiS,

128 2155 312 2215 fratres,
326 2155 453 2203 haec
462 2155 613 2203 verba
629 2152 1478 2212 solaaConcilio'l'ridentinocitari,
1495 2163 1547 2202 ut
1558 2154 1735 2217 probet
1746 2154 1973 2204 ordinem

127 2244 353 2293 conferre
390 2242 596 2306 gratiam
636 2242 765 2307 (sess.
793 2257 934 2290 xxm
960 2245 1017 2290 de
1050 2259 1170 2291 sacr.
1194 2245 1300 2311 perd.
1336 2250 1436 2304 cap.
1468 2244 1568 2296 ιιι).
1663 2245 1804 2293 Haec
1853 2261 1973 2306 ergo

127 2334 298 2394 forma,
315 2334 395 2382 vel
420 2334 629 2395 simplex
647 2342 700 2381 ut
717 2333 767 2380 in
786 2331 1080 2390 Pontificali,
1099 2333 1177 2381 vel
1199 2333 1385 2395 duplex
1411 2342 1465 2381 ut
1483 2333 1619 2396 apud
1642 2349 1749 2392 nos,
1767 2332 1972 2382 abunde

125 2420 304 2470 sufficit
350 2422 415 2470 ad
453 2421 722 2470 creandum
767 2419 1073 2484 episcopum,
1113 2420 1152 2468 si
1192 2419 1403 2469 intentio
1453 2437 1568 2469 vera
1616 2420 1973 2480 manifestetur,

126 2525 256 2572 quae
282 2518 418 2572 patet
442 2525 531 2572 per
562 2509 682 2557 alias
708 2508 960 2557 orationes
991 2518 1039 2556 et
1079 2507 1311 2572 suffragia
1329 2509 1482 2571 (quae
1507 2508 1743 2570 officium,
1770 2525 1898 2572 opus
1923 2519 1975 2559 et

127 2596 454 2646 ministerium
467 2596 689 2659 episcopi
707 2597 889 2645 diserte
904 2599 1340 2658 commemorant),
1361 2612 1449 2659 per
1471 2612 1682 2645 examen
1708 2606 1757 2646 et
1777 2598 1971 2646 similia.

126 2688 243 2734 Non
281 2686 493 2734 dicimus
535 2701 652 2733 vero
690 2686 839 2734 verba
867 2686 1101 2748 “Accipe
1144 2687 1377 2748 Spiritum
1410 2687 1669 2734 sanctum’'
1691 2685 1973 2735 necessaria

123 2791 246 2834 esse,
274 2775 363 2824 sed
388 2774 697 2823 sufficientia.
761 2776 880 2822 Non
905 2773 1040 2823 enirn
1066 2773 1116 2822 in
1143 2773 1528 2823 Pontificalibus
1554 2773 1736 2823 nostris
1759 2773 1972 2838 antiqui-

125 2865 292 2913 oribus
311 2872 551 2927 apparent
575 2879 739 2925 neque
758 2861 809 2910 in
838 2864 1095 2922 RomaniS,
1117 2879 1284 2924 neque
1304 2865 1511 2911 omnino
1536 2864 1585 2910 in
1613 2863 1966 2913 Orientalibus,

125 2953 226 3002 Sed
265 2969 381 3002 cum
419 2952 649 3002 Concilio
674 2951 972 3001 Tridentino
995 2951 1209 3000 libenter
1249 2953 1561 3012 confitemur,
1589 2967 1647 3001 ea
1673 2953 1822 3001 verba
1863 2969 1967 3001 non

121 3044 301 3092 frustra
342 3040 443 3091 dici
478 3043 540 3090 ab
576 3039 864 3104 episcopis‚1
901 3042 981 3097 vel
1022 3041 1072 3087 in
1099 3041 1477 3089 consecratione
1518 3040 1755 3103 episcopi,
1799 3042 1875 3089 vel
1917 3042 1967 3087 in

123 3131 435 3181 ordinatione
471 3129 757 3193 presbyteri,
801 3146 915 3177 cum
964 3129 1113 3178 verba
1153 3128 1359 3178 Domini
1399 3128 1499 3177 sint
1550 3130 1615 3177 ad
1665 3126 1966 3191 DiscipuIOS,

122 3237 183 3269 ex
225 3219 405 3282 quibus
451 3220 620 3267 omnia
657 3217 819 3267 officia
855 3209 1022 3267 nostra
1070 3225 1120 3266 et
1173 3225 1444 3280 potestates
1491 3218 1731 3277 fluxerint,
1780 3225 1829 3266 et
1864 3225 1967 3264 tam

121 3324 291 3357 sacrae
315 3307 386 3356 rei
410 3315 527 3370 apta
569 3317 618 3356 et
642 3306 839 3355 idonea.
914 3308 976 3353 In
1015 3306 1300 3354 Diaconatu
1339 3321 1442 3354 non
1479 3314 1580 3353 tam
1616 3305 1802 3353 idonea.
1836 3313 1970 3363 sunt,

120 3395 290 3460 itaque
315 3413 344 3445 a
367 3393 513 3444 nobis
538 3393 589 3443 in
614 3411 672 3445 ea
691 3396 1004 3445 ordinatione
1027 3409 1129 3443 non
1156 3394 1470 3443 adhibentur.

380 3550 500 3591 XIV.
539 3550 549 3575 ¹
580 3550 690 3591 Vide
715 3550 835 3590 conc.
869 3548 982 3590 Trid.
1009 3563 1094 3589 sess.
1122 3548 1222 3589 xxiii
1242 3549 1290 3589 de
1304 3562 1409 3589 sacr.
1433 3548 1519 3589 ord.
1545 3562 1640 3588 can.
1664 3547 1719 3589 iv.
