2216 3964
1181 394 1246 440 34

255 523 574 581 peccatorum
601 513 923 561 conversione
958 520 1007 561 et
1041 509 1331 560 remissione
1363 511 1656 560 delictorum
1693 510 1745 557 in
1772 509 2010 569 Ecclesia,
2035 509 2102 558 de

257 601 531 651 ministerio
550 600 762 649 invicem
789 601 1033 661 faciend0,
1053 609 1102 649 et
1119 609 1282 650 cetera
1300 598 1490 649 similia.
1533 600 1651 646 Hoc
1668 613 1783 661 ergo
1798 598 1951 647 modo
1966 596 2102 660 Sapi-

260 693 425 741 entiae
440 689 638 739 divinae
653 689 883 752 placebat
902 690 1192 752 praesertim
1205 687 1444 748 NuntiOS,
1457 688 1803 751 Speculatores
1820 694 1870 736 et
1890 686 2102 749 Dispen-

263 788 451 830 satores
475 794 593 828 suos
619 778 826 838 erudire,
854 787 908 828 ut
933 779 1135 838 mundO,
1162 786 1276 841 post
1301 777 1575 827 discessum
1603 774 1736 835 Eius,
1762 773 2100 825 testimonium

263 868 454 926 darent,
472 875 520 916 et
539 868 737 929 plebem
757 875 979 916 sanctam
995 867 1046 914 in
1059 868 1346 915 Adventum
1367 881 1512 915 suum
1531 864 1622 914 rite
1641 872 1998 928 praepararent.
2038 865 2103 914 Et

265 956 402 1019 quod
417 956 600 1004 fecerat
627 956 875 1003 Dominus
899 956 1126 1004 fecerunt
1141 963 1191 1004 et
1216 953 1465 1017 Apostoli.
1517 954 1683 1003 Testis
1710 954 1757 1002 S.
1790 953 1966 1002 Petrus
1990 967 2103 1001 cum

262 1043 504 1104 SenioreS‚
532 1042 583 1092 id
625 1051 699 1092 est
740 1043 1051 1105 presbyteros
1092 1051 1142 1092 et
1182 1041 1460 1106 episcopOS,
1485 1050 1541 1091 ut
1576 1042 1856 1092 Consenior
1879 1041 2109 1090 obsecrat

265 1132 499 1196 “pascite
549 1134 633 1194 qui
680 1134 731 1179 in
773 1131 915 1180 vobis
964 1140 1039 1181 est
1083 1147 1282 1195 gregem
1333 1132 1476 1192 Dei‚''
1521 1139 1571 1180 et
1620 1134 1782 1179 “cum
1829 1130 2110 1193 apparuerit

265 1220 505 1283 Princeps
539 1230 810 1283 pastorum,
837 1218 1118 1282 percipietis
1153 1219 1607 1269 immarcessibilem
1633 1219 1896 1268 coronam''
1921 1217 1968 1284 (1
1999 1220 2103 1268 Pet.

265 1327 295 1358 v
335 1307 498 1371 1—4).
559 1309 724 1357 Testis
749 1310 795 1357 S.
820 1309 1003 1356 Paulus
1027 1323 1142 1356 cum
1167 1307 1479 1370 presbyteros
1503 1315 1552 1356 et
1575 1308 1839 1369 episcopos
1864 1305 2110 1369 Ephesios

268 1398 509 1447 admonet
527 1412 649 1445 voce
670 1396 800 1460 (Act.
823 1413 885 1443 xx
910 1398 1067 1458 18—3
1076 1394 1127 1459 5)
1143 1405 1192 1444 et
1217 1411 1331 1444 cum
1355 1395 1579 1458 Epistula
1597 1396 1854 1458 insigniter
1870 1393 2111 1458 spirituali

273 1487 434 1536 erudit
479 1485 633 1547 (Eph.
679 1486 726 1533 iv
776 1485 1006 1548 11—13).
1082 1485 1246 1533 Testis
1289 1485 1337 1533 S.
1374 1485 1639 1547 Gregorius
1677 1486 1828 1546 Papa,
1872 1484 1954 1532 cui
1989 1499 2111 1547 gens

274 1574 564 1638 Anglicana‚
593 1589 679 1636 per
721 1581 881 1622 totum
923 1573 1166 1622 mundum
1207 1571 1305 1621 iam
1349 1571 1584 1635 dispersa,
1605 1580 1799 1621 tantum
1823 1572 1989 1632 debet,
2026 1573 2109 1635 qui

275 1663 326 1712 in
352 1665 479 1712 libro
506 1678 597 1712 suo
634 1665 691 1711 de
729 1663 894 1725 regula
921 1663 1177 1710 Pastorali
1212 1662 1397 1710 multus
1435 1670 1510 1711 est
1551 1662 1615 1711 de
1652 1659 1729 1710 his
1770 1660 1918 1711 rebus
1960 1670 2009 1710 et
2048 1662 2113 1711 de

275 1752 497 1801 moribus
531 1761 799 1814 pastorum,
828 1752 917 1800 sed
942 1751 1005 1800 de
1044 1748 1286 1799 sacrificio
1310 1749 1565 1799 offerendo
1589 1764 1748 1812 paene
1785 1757 1870 1798 aut
1907 1748 2113 1798 omnino

275 1842 397 1889 silet.
479 1839 579 1902 Qui
602 1840 729 1888 liber
744 1848 886 1888 tanto
910 1839 961 1887 in
987 1839 1178 1888 honore
1203 1846 1306 1887 erat
1330 1846 1384 1886 ut
1408 1836 1656 1900 episcopis
1681 1838 1881 1886 saeculo
1906 1851 1964 1885 1x
1989 1838 2114 1886 infra

275 1928 434 1991 ipsam
485 1929 855 1978 ordinationem
903 1929 1114 1986 daretur,
1155 1943 1256 1976 una
1301 1943 1415 1976 cum
1457 1928 1585 1976 libro
1626 1943 1894 1986 canonum,
1943 1926 2115 1978 addita

276 2016 554 2066 monitione
577 2025 633 2066 ut
657 2021 783 2066 vitas
808 2032 923 2065 suas
948 2017 1225 2066 secundum
1252 2017 1358 2065 eius
1382 2024 1650 2078 praecepta
1680 2016 1942 2079 regerent.3

346 2106 556 2153 Sanctus
581 2106 731 2154 etiam
759 2106 947 2163 Petrus,
976 2105 1063 2166 qui
1089 2104 1341 2153 Pastorale
1365 2103 1581 2152 officium
1618 2111 1759 2152 tanto
1796 2120 1910 2152 cum
1950 2103 2116 2154 studio

275 2194 574 2256 presbyteris
615 2193 950 2251 commendat,
978 2191 1030 2239 in
1056 2191 1206 2255 priori
1242 2200 1381 2255 parte
1419 2191 1642 2242 eiusdem
1684 2191 1926 2254 epistulae
1960 2201 2118 2242 totam

278 2280 496 2343 plebem,
541 2289 594 2328 ut
642 2280 976 2329 sacerdotium
1026 2289 1268 2340 sanctum,
1320 2281 1383 2329 de
1430 2279 1731 2342 spiritalibus
1777 2281 1952 2330 hostiis
2004 2283 2118 2331 Deo

282 2369 548 2420 offerendis
591 2370 831 2418 admonet
868 2369 915 2431 (1
956 2371 1060 2418 Pet.
1090 2368 1123 2416 ii
1160 2383 1184 2431 5
1226 2378 1276 2417 et
1307 2369 1378 2430 9).
1455 2369 1608 2430 Quod
1649 2369 1956 2419 demonstrat
1993 2371 2118 2419 illud

281 2458 578 2522 presbyteris
637 2455 791 2519 magis
850 2455 1103 2519 proprium
1163 2472 1286 2516 esse,
1360 2472 1478 2504 cum
1538 2471 1801 2519 personam
1874 2458 1972 2507 Dei
2033 2458 2116 2507 ad-

283 2563 451 2597 versus
507 2544 736 2594 homines
795 2553 1129 2608 repraesentet
1186 2543 1289 2606 (Ps.
1333 2543 1446 2592 xxiii
1485 2542 1640 2610 [xxii],
1676 2546 1774 2594 Es.
1818 2546 1867 2592 xl
1914 2562 1987 2606 10,
2038 2563 2112 2606 11,

283 2638 462 2699 Jerem.
491 2633 605 2681 xxiii
637 2650 776 2693 1—4,
814 2634 992 2682 Ezech.
1021 2634 1163 2680 xxxiv
1194 2630 1424 2694 11—31),
1467 2632 1565 2681 hoc
1602 2633 1977 2695 quodammodo
2001 2649 2117 2683 cum

285 2725 434 2788 plebe
450 2721 820 2771 communicari.
850 2722 1092 2770 Sacerdos
1108 2722 1260 2780 enim,
1274 2722 1356 2769 cui
1375 2715 1682 2783 dispensatio
1697 2730 2119 2772 sacramentorum

287 2821 337 2862 et
361 2812 648 2875 praesertim
687 2809 1029 2859 Eucharistiae
1051 2810 1362 2858 consecratio
1387 2810 1665 2870 mandetur,
1704 2825 1960 2872 nunquam
1986 2812 2121 2860 solus

286 2902 564 2949 ministrare
597 2898 763 2958 debet,
803 2899 893 2947 sed
918 2913 1116 2960 semper
1151 2913 1268 2945 cum
1299 2898 1448 2959 plebe
1479 2906 1672 2947 astante
1709 2906 1759 2947 et
1795 2900 2123 2962 participante

287 2989 428 3038 altari
470 2987 722 3037 deservit.4
793 2988 860 3034 Et
884 2985 955 3035 sic
980 2985 1247 3048 prophetia
1283 2985 1568 3035 Malachiae
1606 2986 1646 3050 (i
1683 2985 1766 3051 11)
1802 2988 2048 3050 impletur,
2075 2985 2125 3038 et

286 3093 375 3142 per
417 3077 723 3125 oblationem
767 3075 1024 3124 Ecclesiae
1066 3075 1309 3123 mundam
1347 3090 1584 3137 magnum
1625 3082 1702 3124 est
1725 3074 1824 3125 Dei
1862 3091 2048 3126 nomen
2071 3075 2124 3126 in

290 3166 536 3230 gentibus,

341 3275 467 3314 XIX.
501 3272 518 3296 ³
548 3274 645 3312 Hoc
664 3276 838 3311 testatur
859 3271 1112 3312 Hincmarus
1139 3272 1184 3311 in
1210 3271 1464 3324 praefatione
1499 3272 1695 3322 opusculi
1712 3272 1803 3311 LV
1817 3273 2128 3325 Capitulorum:

289 3340 436 3391 Migne
455 3339 548 3377 Pat.
572 3337 664 3376 Lat.
691 3341 792 3375 tom.
822 3335 898 3375 126
917 3348 957 3387 p.
985 3345 1078 3384 292.

333 3414 453 3452 XIX.
471 3411 488 3435 ⁴
510 3412 606 3451 Hoc
625 3424 675 3451 ex
691 3410 887 3462 Liturgiis
903 3410 1072 3451 Graecis
1091 3410 1271 3463 antiquis
1290 3416 1330 3450 et
1353 3411 1514 3451 Missali
1529 3412 1721 3452 Romano
1733 3413 1963 3462 constat‚in
1975 3413 2127 3466 quibus

291 3491 422 3530 paene
442 3476 582 3516 omnia
602 3475 751 3528 plurali
769 3488 941 3515 numero
961 3475 1171 3515 dicuntur.
1241 3475 1394 3516 Confer
1413 3489 1492 3528 e.g.
1525 3476 1721 3516 Ordinem
1738 3477 1920 3516 Missae:
1953 3478 1983 3498 ‘⁶
1997 3478 2127 3521 Orate

288 3541 434 3581 fratres
467 3547 510 3579 ut
545 3553 682 3580 meum
715 3553 763 3579 ac
796 3544 977 3579 vestrum
1010 3539 1253 3581 sacrificium
1286 3540 1542 3592 acceptabile
1570 3540 1640 3580 fiat
1669 3541 1780 3593 apud
1801 3541 1939 3581 Deum
1960 3541 2126 3583 Patrem

292 3604 662 3654 Omnipotentem’'
683 3619 694 3652 ;
735 3610 775 3644 et
794 3604 838 3643 in
863 3605 1031 3645 Canone
1049 3606 1080 3627 “
1096 3605 1311 3645 Memento
1331 3605 1515 3647 Domine
1529 3606 1778 3646 famulorum
1796 3605 2126 3660 famularumque
