2216 3964
1027 389 1081 407 ἢῆ

1023 405 1081 436 Ο.)

147 517 150 519 Α
197 528 584 590 Respondemus
627 544 743 591 ergo
781 543 887 587 nOS‚
915 530 1074 577 Sacris
1116 527 1379 591 Scripturis
1415 527 1712 590 insistentes,
1740 532 1791 578 in
1818 548 1983 582 sacer·-

125 614 331 665 dotibus
355 615 719 665 constituendis
738 614 1159 678 dispensationem
1180 625 1229 665 et
1247 615 1572 666 ministerium
1594 617 1733 667 verbi
1748 627 1798 667 et
1821 635 1979 668 sacra-

127 713 426 764 mentorum,
475 713 774 767 potestatem
827 714 1150 768 peccatorum
1197 704 1486 755 remittendi
1533 715 1583 755 et
1618 708 1884 767 retinendi,
1929 718 1978 758 et

125 803 290 843 cetera
323 794 582 858 pastoralis
623 795 772 843 officii
811 811 1030 854 munera,
1070 803 1204 843 recte
1246 793 1496 844 inculcare
1521 804 1570 844 et
1595 796 1896 858 praedicare,
1926 807 1975 845 et

127 887 296 935 omnia
319 884 415 934 alia
439 887 491 934 in
516 887 586 934 eis
612 901 859 935 resumere
885 895 934 934 et
957 886 1297 948 recapitulare.
1351 884 1510 935 Cuius
1534 884 1606 935 rei
1627 895 1676 935 et
1701 885 1809 949 ipse
1838 889 1973 950 Papa

126 975 265 1024 testis
303 982 391 1033 est,
418 974 504 1037 qui
531 973 836 1023 Pontificalis
871 972 1027 1036 apicis
1063 975 1321 1034 honorem,
1351 989 1408 1022 ex
1446 973 1628 1036 triplici
1652 977 1973 1024 commenda-

123 1063 260 1112 tione
294 1064 454 1126 gregis
498 1062 686 1112 Christi
726 1063 772 1111 S.
803 1064 954 1111 Petro
995 1061 1271 1125 paenitenti
1315 1061 1444 1120 data,
1490 1061 1704 1111 maxime
1749 1062 1970 1112 deducit.

126 1151 194 1198 At
218 1148 356 1212 quod
380 1151 430 1198 in
458 1166 510 1199 se
536 1159 638 1199 tam
660 1149 992 1199 honorificum
1014 1159 1221 1213 reputat,
1244 1166 1331 1199 cur
1355 1149 1406 1198 in
1431 1151 1779 1202 sacerdotibus
1800 1154 1970 1216 Angli-

125 1238 261 1287 canis
286 1238 410 1286 nihil
435 1238 500 1286 ad
525 1236 820 1300 dignitatem
851 1247 900 1286 et
926 1236 1091 1286 officia
1116 1235 1379 1286 sacerdotii
1405 1239 1631 1288 conferre
1654 1240 1814 1288 credit
1835 1242 1855 1288 ?

191 1396 302 1443 XX.
343 1396 404 1442 In
422 1394 572 1443 finem
599 1395 796 1442 fratrem
825 1402 1046 1441 nostrum
1067 1391 1117 1439 in
1135 1391 1337 1442 Christo
1357 1394 1695 1442 venerandum
1722 1394 1967 1444 monitum

121 1483 330 1534 velimus
373 1500 436 1534 ne
472 1482 672 1545 iniquus
716 1482 777 1530 sit
820 1482 870 1528 in
914 1481 1008 1528 hac
1045 1479 1294 1528 sententia
1335 1481 1635 1543 proferenda
1667 1498 1769 1531 non
1806 1484 1967 1532 solum

121 1573 268 1624 nobis
292 1573 381 1622 sed
408 1581 456 1622 et
479 1570 587 1620 aliis
612 1569 922 1629 Christiani5‚
949 1577 998 1617 et
1035 1570 1162 1617 inter
1185 1584 1273 1617 eos
1308 1571 1706 1619 antecessoribus
1731 1570 1847 1631 suis,
1882 1571 1968 1634 qui

121 1679 280 1726 aeque
313 1670 444 1712 certe
487 1677 656 1710 secum
707 1657 890 1722 Spiritu
938 1667 1113 1706 sancto
1154 1659 1456 1706 fruebantur.
1526 1658 1806 1709 Orientales
1831 1660 1963 1709 enim

120 1753 379 1802 nobiscum
419 1752 484 1800 ob
528 1750 778 1799 defectum
816 1746 1105 1796 intentionis
1130 1748 1367 1795 damnare
1390 1747 1599 1806 videtur,
1626 1747 1712 1811 qui
1751 1748 1801 1796 in
1848 1751 1969 1799 Con-

102 1841 314 1904 fesst'one
346 1840 625 1897 orthodoxa,
653 1836 783 1885 circa
817 1852 1002 1884 annum
1047 1837 1175 1895 1640
1213 1836 1362 1895 edita,
1407 1837 1532 1885 duas
1568 1846 1762 1886 tantum
1810 1854 1967 1888 sacer-

117 1931 242 1980 dotii
281 1928 651 1978 sacramentalis
690 1934 962 1988 potestates
999 1924 1275 1983 nominent,
1302 1924 1495 1974 scilicet
1532 1926 1758 1975 solvendi
1782 1927 1965 1976 delicta

118 2028 168 2068 et
204 2017 525 2082 praedicandi
543 2034 555 2075 5
603 2016 688 2077 qui
723 2024 772 2063 et
807 2015 857 2061 in
902 2013 1196 2061 Cateclzismo
1230 2014 1444 2075 longiore
1464 2015 1684 2075 Russico‚
1713 2017 1962 2078 Mosquae

117 2122 252 2156 anno
296 2108 423 2168 1839
460 2102 613 2163 edito,
639 2101 763 2150 nihil
787 2102 852 2150 de
890 2100 1132 2150 sacrificio
1167 2103 1390 2164 corporis
1427 2111 1476 2151 et
1501 2102 1754 2166 sanguinis
1779 2104 1965 2153 Christi

117 2196 318 2254 docent,
366 2202 416 2243 et
468 2191 629 2241 officia
679 2200 872 2239 tantum
926 2198 1238 2239 sacramenta
1296 2189 1611 2240 ministrandi
1659 2201 1709 2240 et
1762 2208 1961 2256 gregem

116 2281 356 2347 pascendi
402 2283 531 2331 inter
575 2297 634 2330 ea
681 2296 808 2342 quae
856 2279 919 2327 ad
956 2279 1206 2328 ordinem»
1232 2281 1498 2342 pertinent,
1548 2292 1958 2331 commemorant.

116 2373 272 2420 Porro
297 2372 361 2420 de
377 2369 531 2419 tribus
557 2367 814 2418 ordinibus
840 2367 907 2416 ita
932 2369 1332 2430 loquuntur:—“
1354 2367 1612 2418 Diaconus
1638 2370 1960 2420 sacramentis

115 2439 359 2509 inservit:⁴
394 2457 656 2520 Presbyter
696 2465 1006 2504 sacramenta
1047 2465 1322 2517 consecrat,
1366 2457 1458 2505 sub
1501 2459 1773 2520 episcopo:
1824 2460 1963 2521 Epis-

116 2562 272 2610 copus
309 2562 410 2595 non
446 2555 641 2595 tantum
687 2544 793 2607 ipse
841 2553 1149 2592 sacramenta
1199 2554 1471 2605 consecrat,
1522 2546 1611 2594 sed
1658 2555 1955 2608 potestatem

116 2637 266 2685 habet
313 2650 400 2698 per
443 2649 680 2682 manuum
728 2630 1101 2694 impositionem
1151 2633 1258 2679 aliis
1307 2632 1628 2696 impertiendi
1675 2634 1865 2683 donum
1911 2645 1958 2684 et

113 2722 320 2788 gratiam
345 2732 399 2771 ut
424 2723 505 2770 illa
530 2722 870 2771 consecrent.''
896 2719 1175 2770 Nobiscum
1202 2730 1335 2771 certe
1372 2722 1717 2784 mysteriorum
1744 2726 1956 2786 plurium

115 2811 439 2861 ministerium
477 2809 816 2860 sacerdotibus
852 2811 1008 2873 magis
1043 2809 1326 2870 convenire,
1354 2827 1503 2872 quam
1542 2814 1688 2861 unius
1736 2814 1961 2863 sacrificii
2018 2857 2027 2869 ‚

117 2899 437 2961 oblationem,
475 2901 672 2949 docent.
700 2958 706 2964 Ι

112 3019 275 3054 tuarum
294 3011 349 3051 N.
371 3016 411 3051 et
428 3011 484 3050 N.
503 3016 543 3050 et
563 3009 748 3049 omniurn
770 3008 1124 3048 circumstantium
1147 3039 1155 3047 .
1185 3039 1193 3047 .
1220 3038 1228 3048 .
1255 3009 1350 3061 [pro
1369 3009 1519 3061 quibus
1539 3009 1614 3049 tibi
1631 3008 1855 3061 offerimus,
1872 3013 1958 3063 vel]

109 3078 182 3131 qui
202 3077 278 3118 tibi
298 3076 474 3116 offerunt
493 3075 573 3115 hoc
593 3074 839 3114 sacrificium
859 3072 1038 3121 laudis,”
1060 3079 1100 3113 et
1121 3082 1267 3126 postea
1288 3090 1295 3112 :
1343 3076 1371 3094 “
1390 3075 1515 3114 Hanc
1548 3074 1674 3126 igitur
1702 3076 1959 3118 oblationem

111 3142 318 3184 servitutis
337 3146 501 3180 nostrae
521 3140 592 3179 sed
610 3146 649 3178 et
663 3144 836 3179 cunctae
850 3137 1033 3177 familiae
1049 3137 1189 3186 tuae,”
1210 3146 1286 3178 etc.
1342 3138 1409 3178 De
1429 3138 1494 3178 his
1514 3139 1605 3191 lege
1624 3152 1657 3179 e.
1667 3152 1705 3191 g.
1727 3139 1770 3179 S.
1791 3141 1958 3182 Petrum

114 3207 365 3247 Damianum
385 3205 429 3244 in
449 3205 556 3244 libro
590 3204 801 3243 Dominus
833 3203 1032 3241 vobiscum
1071 3215 1160 3254 cap.
1186 3202 1273 3250 viii,
1297 3203 1350 3242 de
1379 3203 1516 3242 verbis
1555 3204 1674 3255 “pro
1700 3203 1850 3255 quibus
1882 3206 1957 3246 tibi

111 3270 322 3311 offerimus
343 3267 469 3309 etc.'’:
500 3270 529 3288 “
545 3274 735 3319 patenter
755 3266 986 3306 ostenditur
1002 3267 1116 3318 quod
1140 3279 1165 3305 a
1193 3266 1353 3306 cunctis
1381 3266 1572 3305 fidelibus
1601 3280 1685 3306 non
1705 3269 1840 3307 solum
1861 3270 1959 3310 viris

110 3335 183 3375 sed
204 3341 245 3375 et
265 3333 504 3373 mulieribus
524 3332 768 3372 sacrificium
789 3332 892 3370 illud
914 3330 1048 3370 laudis
1068 3330 1250 3378 offertur,
1274 3331 1370 3370 licet
1391 3331 1445 3370 ab
1465 3343 1548 3370 uno
1568 3330 1801 3383 specialiter
1822 3334 1958 3374 offerri

111 3399 325 3440 sacerdote
362 3398 561 3437 videatur.
642 3396 766 3447 Quia,
807 3396 920 3448 quod
951 3395 1022 3435 ille
1061 3396 1155 3434 Deo
1193 3395 1407 3435 offerendo
1445 3396 1638 3435 manibus
1671 3402 1835 3446 tractat,
1877 3399 1958 3440 hoc

112 3464 334 3504 multitudo
372 3461 558 3501 fidelium
595 3461 754 3500 intenta
791 3460 992 3500 mentium
1026 3459 1248 3499 devotione
1283 3460 1549 3499 commendat
1566 3458 1608 3506 ”3
1639 3466 1678 3500 et
1700 3461 1752 3500 de
1785 3464 1815 3483 “
1831 3463 1956 3505 Hanc

109 3526 278 3580 igitur’':
303 3528 333 3548 “
348 3526 508 3577 Quibus
527 3524 664 3564 verbis
683 3525 775 3564 luce
795 3524 944 3564 clarius
965 3529 1127 3564 constat
1147 3523 1246 3575 quia
1279 3523 1538 3572 sacrificium,
1564 3525 1674 3576 quod
1697 3538 1721 3564 a
1741 3528 1958 3570 sacerdote

110 3591 236 3633 sacris
254 3591 451 3631 altaribus
471 3588 776 3641 superponitur,
800 3602 823 3628 a
839 3594 988 3627 cuncta
1010 3588 1091 3626 Dei
1110 3587 1268 3627 familia
1287 3588 1536 3641 generaliter
1556 3588 1793 3633 offeratur‘’.
