2216 3964
1010 324 1065 372 15

113 444 343 496 doctrina
365 444 462 507 illa,
490 463 519 496 a
543 446 851 494 scholasticis
874 451 989 506 post
1024 451 1221 504 tempus
1256 440 1491 491 Gulielmi
1516 435 1965 489 Autissiodorensis

115 534 243 599 (Aa).
298 534 449 600 1215)
498 537 646 584 toties
704 534 981 591 decantata,
1034 531 1171 594 quod
1218 529 1488 592 unicuique
1536 546 1597 578 ex
1644 528 1966 578 sacramentis

116 624 373 674 Ecclesiae
413 625 572 674 forma
612 638 712 671 una
747 630 798 670 et
835 619 1039 669 materia
1077 619 1312 669 omnibus
1355 617 1574 667 numeris
1613 619 1818 667 definita
1856 631 1965 666 esse

115 713 310 764 debeat.
373 715 554 775 Neque
578 727 689 761 eam
715 711 966 760 credimus
991 710 1127 772 apud
1155 711 1413 758 Romanos
1439 710 1503 757 de
1527 708 1628 756 fide
1652 722 1774 756 esse.
1836 704 1968 755 Peri-

115 802 286 852 culum
309 801 444 852 enim
470 799 647 850 erroris
673 800 942 848 maximum
969 796 1161 846 inducit
1187 801 1227 845 si
1252 798 1363 859 quis
1389 798 1527 859 Papa
1550 796 1629 844 vel
1657 797 1862 853 Doctor‚
1882 793 1970 855 qui

117 891 330 940 multum
371 891 505 953 apud
541 905 658 938 suos
682 889 857 948 valeat,
885 887 1017 935 hanc
1040 887 1119 935 vel
1155 883 1288 934 illam
1324 886 1534 934 formam
1572 892 1658 932 aut
1692 884 1966 941 materiam,

119 994 287 1043 neque
328 977 378 1027 in
416 979 574 1028 verbo
613 979 712 1027 Dei
759 992 923 1039 neque
959 992 988 1024 a
1025 976 1254 1024 Patribus
1290 972 1567 1024 Catholicis
1604 981 1688 1021 aut
1726 972 1968 1023 Conciliis

115 1066 388 1128 definitam,
416 1083 508 1131 pro
533 1067 811 1116 necessaria
834 1064 1204 1128 agnoscendam
1229 1061 1514 1112 hominibus
1539 1061 1846 1125 persuadeat.

185 1158 407 1208 Unicum
445 1165 519 1206 est
554 1155 703 1216 enim,
749 1163 803 1204 ut
845 1153 1075 1213 diximuS,
1114 1161 1478 1202 sacramentum
1520 1150 1790 1214 Baptisma,
1829 1149 1967 1212 quod

115 1254 165 1296 et
205 1246 365 1295 forma
401 1254 451 1295 et
492 1243 697 1294 materia
734 1242 933 1306 penitus
970 1251 1160 1292 certum
1203 1250 1290 1290 est.
1367 1243 1432 1289 Et
1478 1241 1576 1289 hoc
1625 1249 1850 1288 naturam
1899 1238 1968 1287 rei

117 1333 352 1398 sequitur.
427 1335 556 1385 Cum
583 1335 715 1383 enim
744 1331 999 1396 Baptisma
1023 1330 1208 1382 Christi
1233 1329 1468 1380 omnibus
1493 1328 1675 1379 ostium
1713 1328 1971 1377 Ecclesiae

119 1424 196 1483 sit,
245 1431 297 1473 et
342 1424 406 1472 ab
453 1423 687 1471 omnibus
734 1419 1044 1480 Christianis,
1089 1418 1130 1467 si
1172 1420 1442 1468 necessitas
1478 1427 1662 1481 urgeat,
1707 1416 1973 1466 ministrari

118 1513 289 1575 possit,
315 1510 639 1561 condiciones
663 1510 813 1559 validi
839 1510 1158 1572 Baptismatis
1183 1508 1418 1556 omnibus
1455 1516 1604 1556 notae
1634 1521 1742 1556 esse
1767 1506 1970 1556 debent.

123 1601 278 1663 Quod
300 1609 466 1650 autem
491 1601 556 1650 ad
582 1597 942 1648 Eucharistiam
970 1596 1147 1647 attinet
1180 1597 1245 1660 (si
1272 1595 1590 1659 quaestiones
1616 1596 1680 1645 de
1704 1611 1887 1658 azymis
1924 1604 1974 1644 et

119 1687 235 1750 sale,
262 1688 327 1738 de
351 1703 491 1751 aqua,
521 1696 570 1737 et
594 1695 782 1736 ceteras
806 1686 1091 1735 huiusmodi
1119 1693 1173 1734 ut
1198 1686 1415 1734 minores
1441 1683 1676 1747 seponas)
1713 1682 1971 1732 materiam

122 1775 241 1827 satis
264 1785 447 1827 certam
473 1777 653 1826 habet:
691 1777 755 1825 de
779 1777 937 1825 forma
961 1773 1067 1824 eius
1103 1775 1252 1838 plena
1276 1783 1325 1823 et
1351 1773 1603 1823 essentiali
1639 1789 1797 1836 usque
1822 1772 1976 1823 hodie

122 1866 439 1930 disceptatur.
514 1863 921 1916 Confirmationis
946 1880 1063 1913 vero
1100 1862 1306 1913 materia
1330 1880 1432 1912 non
1466 1865 1594 1913 adeo
1619 1871 1752 1912 certa
1781 1872 1855 1912 est
1876 1880 1891 1924 ,-
1929 1871 1978 1912 et

125 1969 218 2004 nos
229 1953 433 2017 quidem
451 1951 761 2004 Christianos
772 1954 836 2002 de
851 1968 912 2002 ea
930 1953 1122 2002 diverse
1140 1954 1409 2002 sentientes
1425 1951 1640 2002 invicem
1660 1952 1975 2000 damnandos

126 2042 267 2092 nullo
290 2042 446 2091 modo
469 2057 746 2091 censemus.
820 2042 999 2090 Forma
1034 2049 1201 2090 autem
1238 2039 1646 2090 Confirmationis
1679 2041 1867 2088 incerta
1903 2047 1980 2088 est

127 2141 178 2182 et
225 2147 425 2195 prorsus
470 2130 726 2195 generaliS‚
775 2129 935 2180 oratio
971 2129 1160 2179 scilicet
1207 2132 1286 2179 vel
1324 2129 1613 2179 benedictio
1654 2130 1766 2192 plus
1813 2127 1979 2177 minus

129 2235 361 2283 congrua,
388 2234 515 2282 quae
539 2221 591 2267 in
616 2219 820 2282 singulis
843 2217 1067 2268 ecclesiis
1090 2217 1237 2268 fuerit
1262 2217 1453 2267 usitata.
1530 2219 1594 2266 Et
1619 2218 1690 2266 sic
1715 2218 1778 2266 de
1804 2215 1925 2266 aliis.

195 2379 258 2426 X.
297 2377 397 2427 Sed
422 2376 503 2426 hic
526 2379 666 2427 locus
691 2378 756 2427 de
781 2376 1178 2427 Confirmatione
1214 2377 1364 2440 paulo
1399 2375 1546 2425 latius
1575 2375 1771 2425 tractari
1796 2376 1948 2426 debet
1972 2395 1982 2426 ε

131 2468 344 2516 multum
360 2467 491 2517 enim
508 2466 633 2516 lucis
649 2466 701 2515 in
717 2466 1062 2530 quaestionem
1077 2483 1107 2515 a
1123 2468 1259 2529 Papa
1275 2468 1579 2530 propositam
1600 2467 1759 2515 infert.
1801 2465 1983 2515 Scribit

130 2557 264 2606 enim
302 2556 364 2605 de
400 2556 719 2619 impositione
755 2571 995 2604 manuum
1022 2557 1160 2618 quod
1197 2554 1400 2604 materia
1437 2555 1500 2604 sit
1525 2571 1654 2618 quae
1683 2558 1890 2618 “aeque
1915 2556 1981 2604 ad

135 2644 582 2696 Confirmationem
623 2646 929 2708 usurpatur.'’
999 2645 1407 2695 Confirmationis
1442 2660 1559 2708 ergo
1595 2644 1814 2705 materia,
1848 2646 1984 2708 Papa

133 2731 314 2795 iudice,
341 2732 596 2796 impositio
621 2749 859 2782 manuum
885 2733 1082 2783 videtur
1105 2749 1229 2793 esse,
1257 2742 1311 2782 ut
1335 2750 1364 2782 a
1388 2732 1655 2783 traditione
1691 2733 1984 2796 Apostolica

133 2836 226 2870 nos
264 2823 414 2871 etiam
461 2824 762 2886 accepimus.
833 2823 934 2871 Sed
971 2824 1205 2872 Romana
1251 2821 1475 2882 ecclesia,
1526 2837 1616 2884 pro
1664 2822 1984 2884 impositione

135 2926 374 2960 manuum
426 2911 696 2975 unicuique
748 2912 1066 2972 conferenda,
1129 2913 1473 2961 extensionem
1538 2927 1777 2959 manuum
1837 2925 1986 2973 super

133 3001 331 3051 turbam
354 3004 672 3066 parvulorum
698 3011 783 3051 aut
808 3001 1098 3065 simpliciter
1125 3005 1340 3051 “versus
1370 3002 1788 3062 confirmand05‚''
1829 3002 1986 3050 multa

135 3105 224 3153 per
263 3092 476 3152 saecula,
514 3099 744 3154 corrupta
779 3091 1142 3140 consuetudine
1179 3090 1444 3140 adhibuit.1
1527 3091 1807 3141 Orientales
1845 3090 1984 3154 (curn

194 3225 247 3266 X.
284 3224 301 3252 1
333 3225 384 3266 In
397 3226 729 3267 Sacramentario
749 3217 1047 3267 “Gelasimo’'
1062 3225 1175 3266 dicto
1192 3226 1314 3274 (saec.
1335 3225 1474 3265 forsan
1489 3226 1562 3274 vii)
1580 3225 1716 3266 adhuc
1731 3225 1906 3278 legimus
1919 3224 1996 3264 Ad

138 3291 467 3343 conszgrnandum
487 3292 663 3343 imponit
692 3293 745 3331 eis
774 3305 948 3331 manum
969 3291 1015 3330 in
1040 3291 1105 3330 lzis
1123 3290 1278 3330 verbis:
1306 3291 1490 3343 sequitur
1519 3291 1652 3330 oratio
1679 3291 1731 3330 de
1759 3289 1988 3343 septiformi

139 3355 252 3396 dono
274 3355 465 3408 Spiritus.
500 3357 555 3396 Et
574 3356 616 3396 in
638 3356 853 3397 ordinibus
876 3356 1061 3397 “Sancti
1080 3354 1295 3396 Amandi'’
1326 3355 1461 3405 dictis,
1485 3356 1556 3408 qui
1577 3356 1729 3396 saeculi
1747 3352 1887 3396 forsan
1916 3354 1989 3394 viii

142 3426 250 3470 sunt,
273 3434 364 3474 cap.
399 3422 453 3462 iv.
490 3422 676 3474 pontifex
707 3421 840 3474 tangit
878 3422 1012 3474 capita
1044 3422 1226 3472 ipsorum
1261 3421 1308 3460 de
1342 3435 1486 3461 manu.
1549 3422 1600 3460 In
1642 3418 1988 3474 “Gregoriano”

144 3491 283 3527 autem
316 3487 448 3526 levata
482 3500 613 3526 manu
646 3500 720 3526 sua
753 3492 875 3538 super
901 3488 1034 3538 capita
1060 3487 1245 3524 omnium
1266 3486 1375 3534 dicit,
1399 3492 1476 3526 etc.
1540 3486 1590 3525 In
1618 3485 1854 3526 Pontificali
1890 3497 1989 3525 vero

142 3551 313 3603 vulgato
331 3567 340 3593 ς
380 3552 496 3591 Tunc
512 3552 684 3592 extensis
695 3565 835 3590 versus
852 3551 1154 3600 confirmandos
1173 3550 1364 3590 manibus
1381 3551 1492 3601 dicit,
1515 3557 1592 3591 etc.
