2216 3964
1149 347 1204 377 12

250 463 410 524 posita
430 462 744 512 traditionem
766 482 774 511 :
809 471 858 511 et
877 463 1100 513 similiter
1117 465 1181 513 de
1199 464 1321 525 aliis,
1342 481 1430 528 per
1447 479 1610 514 rerum
1635 466 1700 514 ad
1718 461 1989 515 ministeria
2006 478 2098 512 sua

249 549 602 611 pertinentium
639 551 1037 615 assignationem.
1112 555 1291 602 Forma
1329 553 1596 603 sacerdotii
1641 555 1751 603 talis
1788 561 1893 603 est:
1927 551 2098 614 Accipe

242 644 521 698 potestatem
544 641 774 702 offerendi
791 642 1076 703 sacrificium
1101 643 1153 690 in
1179 643 1359 690 ecclesia
1380 650 1478 704 pro
1501 643 1626 692 vivis
1662 649 1710 690 et
1744 641 1956 690 mortuis.
2027 639 2097 687 In

251 729 438 775 nomine
456 730 640 790 Patris,
658 736 701 776 et
716 731 850 790 Filii,
869 737 917 778 et
931 731 1150 792 Spiritus
1170 733 1350 780 Sancti.
1381 733 1445 781 Et
1465 730 1535 780 sic
1551 733 1615 781 de
1632 732 1841 781 aliorum
1861 727 2094 779 ordinum

249 816 419 865 formis
452 827 598 879 prout
638 817 688 866 in
732 818 1010 868 Pontificali
1053 822 1286 869 Romano
1310 822 1407 869 late
1433 819 1727 869 continetur.
1801 815 2097 869 Ordinarius

249 906 472 954 minister
512 905 657 955 huius
706 909 1007 957 Sacramenti
1051 918 1125 958 est
1172 908 1467 972 episcopus:
1513 910 1730 970 effectus,
1770 913 2092 971 augmentum

247 992 447 1054 gratiae,
487 1003 540 1043 ut
583 997 692 1056 quis
730 998 793 1044 sit
839 997 1051 1045 idoneus
1087 997 1355 1046 minister.'’
1441 999 1545 1046 Hic
1591 1013 1655 1046 ne
1697 997 1849 1045 verbo
1887 993 2093 1058 quidem

248 1082 555 1144 attinguntur
598 1081 853 1145 impositio
901 1101 1138 1133 manuum
1181 1094 1230 1134 et
1277 1086 1527 1134 invocatio
1573 1084 1782 1148 Spiritus
1827 1081 1998 1133 Sancti
2043 1081 2093 1129 in

248 1167 565 1217 ordinandos.
642 1171 894 1232 Eugenius
919 1180 1102 1232 tamen,
1130 1180 1183 1220 ut
1208 1188 1267 1221 ex
1292 1172 1622 1235 explicatione
1637 1180 1915 1222 ceterorum
1939 1184 2096 1219 sacra-

251 1265 531 1305 mentorum
558 1265 707 1319 patet,
736 1273 839 1306 non
869 1259 931 1307 de
958 1260 1105 1307 rebus
1121 1258 1185 1308 ab
1202 1258 1435 1308 Armenis
1465 1260 1772 1322 supplendis,
1794 1267 1849 1306 ut
1873 1253 2092 1306 Romani

247 1343 494 1394 interdum
533 1344 775 1406 dictitant,
814 1348 903 1395 sed
936 1348 999 1396 de
1032 1347 1180 1396 rebus
1219 1357 1640 1397 sacramentorum
1677 1344 2096 1399 administrationi

250 1434 448 1494 penitus
486 1432 791 1491 necessariis,
820 1433 1083 1496 Aquinatis
1126 1436 1330 1498 vestigia
1365 1436 1634 1498 diligentur
1672 1442 1887 1493 secutuS,
1921 1432 2092 1481 Eccle-

252 1519 373 1568 siam
423 1521 568 1583 quasi
615 1523 832 1584 magistri
882 1524 996 1572 loco
1045 1524 1219 1572 erudit.
1297 1526 1374 1572 Ita
1415 1539 1618 1586 quoque
1660 1524 1711 1571 in
1754 1522 1903 1586 priori
1947 1535 2092 1584 parte

251 1609 439 1657 decreti
478 1609 701 1658 eiusdem
743 1611 948 1660 scribit:
992 1613 1188 1660 “Haec
1232 1614 1401 1660 omnia
1442 1620 1753 1660 sacramenta
1793 1609 1949 1659 tribus
1984 1623 2090 1671 per-

250 1696 498 1757 ficiuntur,
554 1698 785 1747 videlicet
839 1700 987 1748 rebus
1035 1708 1290 1762 tamquam
1340 1699 1561 1760 materia,
1609 1698 1773 1748 verbis
1830 1707 2086 1760 tamquam

249 1787 424 1846 forma,
468 1795 517 1835 et
564 1802 776 1849 persona
825 1787 1034 1836 ministri
1087 1788 1388 1838 conferentis
1446 1796 1814 1838 sacramentum
1863 1801 1977 1835 cum
2019 1784 2090 1833 in-

251 1877 477 1923 tentione
518 1876 735 1924 faciendi
774 1878 911 1939 quod
958 1878 1076 1926 facit
1123 1879 1355 1926 ecclesia:
1392 1894 1596 1939 quorum
1635 1879 1683 1926 si
1718 1876 1922 1937 aliquod
1953 1875 2089 1934 desit,

250 1980 343 2011 non
356 1965 618 2025 perficitur
638 1966 1020 2012 sacramentum”
1045 1964 1212 2028 (Cone.
1242 1980 1331 2012 xlv
1356 1981 1402 2028 p.
1437 1965 1607 2029 1738).

317 2054 379 2099 In
404 2054 614 2101 ecclesia
636 2061 801 2101 autem
829 2062 996 2101 nostra
1020 2069 1048 2102 a
1072 2069 1243 2102 mense
1278 2055 1462 2102 Martio
1492 2067 1634 2116 1550,
1662 2067 1820 2115 usque
1855 2053 1920 2100 ad
1955 2051 2089 2100 diem

258 2158 274 2186 1
309 2139 608 2188 Novembris
639 2154 779 2202 1552,
808 2156 921 2188 cum
959 2140 1158 2189 traditio
1192 2139 1631 2190 instrumentorum
1667 2141 1833 2202 aliqua
1869 2146 2092 2187 maneret

253 2227 343 2285 (sc.
367 2227 533 2276 calicis
575 2244 689 2275 cum
715 2244 843 2290 pane
880 2227 928 2275 in
968 2230 1278 2292 presbyteris,
1306 2237 1354 2277 et
1390 2230 1553 2277 baculi
1589 2226 1846 2291 pastoralis
1880 2228 1932 2275 in
1967 2228 2095 2290 epis·

249 2319 403 2380 copis,
431 2326 479 2366 et
505 2316 779 2366 Bibliorum
805 2317 855 2364 in
881 2316 1137 2381 utrisque),
1165 2319 1351 2366 formae
1388 2327 1554 2366 tamen
1579 2310 1742 2366 eidem
1778 2316 2091 2374 coniunctae,

250 2407 301 2453 in
339 2421 422 2453 eas
461 2421 620 2467 paene
659 2420 788 2467 quae
812 2420 948 2452 nunc
985 2404 1035 2452 in
1072 2421 1161 2452 usu
1189 2413 1320 2465 sunt,
1346 2404 1442 2452 iam
1469 2413 1688 2453 mutatae
1711 2413 1868 2453 erant.
1937 2406 2091 2452 Anno

250 2501 417 2541 autem
450 2507 574 2555 1552
602 2492 751 2540 etiam
777 2492 976 2540 traditio
1001 2491 1167 2540 calicis
1202 2501 1253 2540 et
1285 2493 1450 2540 baculi
1476 2491 1659 2541 omissa
1700 2501 1787 2552 est,
1815 2490 2089 2540 Bibliorum

249 2591 445 2631 tantum
469 2582 699 2630 restabat.
786 2580 1016 2630 Decessit
1038 2596 1156 2629 vero
1182 2582 1457 2629 Edwardus
1482 2597 1565 2629 rex
1591 2580 1705 2629 Iulii
1730 2580 1811 2629 die
1836 2595 1889 2628 vl
1921 2594 2064 2642 1553.

322 2674 512 2733 Itaque,
554 2670 828 2718 secundum
869 2670 965 2717 hoc
998 2670 1265 2728 decretum,
1293 2667 1565 2732 presbyteri
1605 2667 1674 2716 illi
1710 2683 1883 2716 omnes
1907 2665 2090 2716 reordi-

254 2758 407 2807 nandi
445 2767 595 2807 erant.
668 2758 767 2806 Sed
808 2756 979 2820 opinio
1018 2773 1131 2805 cum
1174 2756 1308 2820 praxi
1332 2756 1409 2820 yix
1442 2756 1704 2806 consensit.
1778 2757 1957 2819 Neque
1981 2757 2087 2818 ipse

255 2848 434 2895 Paulus
477 2848 566 2904 IV,
595 2861 709 2893 cum
751 2846 802 2892 in
844 2844 978 2893 brevi
1010 2846 1262 2914 Regimz‘ni
1279 2845 1569 2894 universalis
1593 2845 1656 2894 de
1681 2843 1925 2907 episcopis
1953 2845 2089 2892 “rite
2122 2827 2126 2829 ⁵

253 2944 302 2983 et
339 2943 472 2983 recte
513 2932 776 2982 ordinatis''
801 2942 984 2991 caveat,
1012 2934 1284 2996 quidquam
1321 2934 1385 2983 de
1419 2935 1577 2982 forma
1612 2920 1937 2982 ordinationis
1960 2948 2094 2996 pres-

253 3026 537 3087 byterorum
563 3023 724 3086 exigit.
799 3022 949 3085 (Vide
973 3021 1097 3071 infra
1121 3023 1465 3085 Appendicem
1490 3023 1554 3072 ad
1580 3022 1771 3086 finem).

319 3191 439 3238 VII.
480 3190 881 3237 Fundamentum
941 3182 1233 3246 secundum,
1284 3189 1373 3236 sed
1411 3187 1500 3235 vix
1553 3187 1754 3247 firmiuS,
1816 3186 2092 3237 sententiae

253 3276 439 3340 papalis
465 3278 528 3326 de
565 3276 700 3339 praxi
735 3278 899 3326 curiae
935 3286 1139 3340 apparet
1163 3292 1271 3326 esse
1306 3267 1547 3324 iudicium
1591 3275 1866 3326 Clementis
1904 3277 1979 3325 XI
2022 3277 2087 3326 de

251 3381 403 3412 causa
428 3365 675 3425 Johannis
700 3365 924 3423 Gordon,
953 3363 1177 3427 episcopi
1205 3364 1460 3426 quondam
1499 3360 1900 3424 Gallovidiensis,
1929 3347 2085 3414 latum

250 3453 371 3500 feria
397 3451 571 3513 quinta
595 3453 677 3501 die
702 3466 815 3500 xvn
844 3451 1030 3515 Aprilis
1055 3453 1173 3500 anni
1203 3465 1332 3512 1704
1367 3450 1418 3500 in
1452 3450 1849 3515 Congregatione
1871 3449 2087 3516 generali

253 3538 611 3600 Inquisitionis,
638 3541 731 3599 vel,
759 3548 813 3587 ut
838 3539 936 3588 dici
962 3541 1100 3600 solet,
1128 3541 1174 3588 S.
1204 3538 1382 3589 Officii.
