2216 3964
107 739 640 804 RESPONSIO
677 743 807 804 AD
848 747 1329 807 LITTERAS
1379 745 2036 807 APOSTOLICAS

588 871 936 933 LEONIS
989 870 1289 932 PAPAE
1344 870 1544 931 XIII.

433 1051 529 1098 DE
566 1051 1192 1103 ORDINATIONIBUS
1228 1050 1600 1102 ANGLICAN
1606 1051 1682 1100 IS.

176 1353 468 1403 UvaERSIS
513 1356 804 1403 ECCLESIAE
846 1355 1191 1405 CATHOLICAE
1231 1356 1501 1404 Emscoms
1537 1356 1951 1405 ARcmEmscom

796 1446 1040 1491 ANGLIAE
1079 1457 1335 1492 SALUTEM.

214 1550 253 1598 Ι.
293 1550 498 1614 Saepius
539 1551 703 1600 officio
745 1560 915 1601 nostro
958 1553 1141 1601 accidit
1178 1559 1249 1614 ut,
1286 1567 1400 1601 cum
1439 1551 1502 1601 de
1538 1552 1793 1601 communi
1830 1554 1987 1602 salute

141 1636 350 1688 velimus
374 1638 602 1701 scribere,
630 1640 813 1691 oriatur
846 1642 1044 1691 occasio
1070 1642 1134 1691 de
1159 1642 1454 1704 quaestione
1479 1640 1647 1704 aliqua
1671 1650 1989 1690 controversa

141 1725 429 1787 disserendi,
468 1745 596 1791 quae
631 1729 684 1778 in
725 1730 862 1779 aliud
900 1739 1098 1793 tempus
1142 1729 1272 1779 abici
1315 1746 1417 1779 non
1454 1728 1622 1794 possit.
1700 1731 1817 1778 Hoc
1854 1738 1986 1778 certe

137 1825 360 1867 recenter
383 1820 548 1868 evenit
572 1835 700 1880 cum,
729 1835 899 1869 mense
923 1819 1203 1883 Septembri
1228 1820 1455 1883 proxime
1479 1817 1762 1882 praeteritO,
1790 1817 1983 1868 litterae

139 1904 269 1968 typis
293 1908 557 1958 mandatae
583 1918 630 1958 et
655 1908 843 1972 publici
869 1908 984 1959 iuris
1011 1908 1107 1958 iam
1125 1911 1298 1970 factae,
1318 1909 1485 1958 subito
1502 1924 1560 1957 ex
1582 1910 1748 1956 Roma
1768 1908 1986 1970 perlatae

141 2003 319 2056 essent,
369 2012 496 2059 quae
543 2006 703 2046 toturn
752 2007 975 2048 nostrum
1024 2007 1205 2048 statum
1255 1996 1648 2047 ecclesiasticum
1699 1995 1985 2045 subvertere

143 2092 453 2136 conarentur.
541 2087 639 2136 His
677 2088 882 2150 quidem
923 2086 1112 2147 litteris,
1159 2095 1213 2136 ut
1252 2103 1340 2150 par
1382 2096 1498 2147 erat,
1549 2085 1742 2134 animos
1791 2093 1987 2134 nostros

141 2170 402 2236 diligenter
434 2174 812 2225 advertebamus
847 2192 962 2225 cum
1000 2175 1280 2225 carissimus
1316 2176 1463 2224 frater
1500 2183 1668 2224 noster
1693 2173 1983 2233 EdwarduS,

143 2269 263 2310 tunc
299 2262 718 2327 Archiepiscopus
762 2264 1135 2315 Cantuariensis
1175 2273 1226 2314 et
1267 2265 1419 2314 totius
1459 2261 1670 2326 Angliae
1710 2261 1898 2311 Primas
1939 2270 1988 2311 et

146 2350 576 2414 MetropolitanuS,
623 2355 735 2403 Deo
779 2352 847 2402 ita
882 2355 1096 2412 volente,
1137 2362 1296 2402 morte
1332 2353 1539 2415 inopina
1573 2359 1860 2414 praereptus
1896 2359 1985 2399 est.

146 2437 246 2499 Qui
282 2455 384 2488 rem
421 2441 566 2491 nobis
602 2442 924 2501 tractandam,
965 2458 1113 2504 quam
1153 2440 1259 2505 ipse
1302 2443 1409 2491 sine
1447 2439 1601 2491 dubio
1635 2455 1830 2488 summa
1871 2455 1986 2488 cum

144 2527 371 2577 doctrina
407 2537 456 2578 et
481 2529 758 2594 theologica
793 2532 946 2594 gratia
983 2539 1276 2580 tractaturus
1312 2539 1428 2589 erat,
1467 2527 1650 2578 ultimis
1689 2529 1789 2577 suis
1825 2526 1989 2577 verbis

145 2614 338 2679 scriptis
362 2617 556 2679 legavit.
629 2619 822 2667 Placuit
857 2634 973 2682 ergo
1009 2616 1154 2668 nobis
1179 2616 1581 2681 Archiepiscopis
1614 2625 1663 2666 et
1690 2614 1988 2665 Primatibus

146 2706 356 2769 Angliae
389 2707 519 2755 hanc
543 2706 802 2770 epistulam
844 2709 1258 2757 conscribendam
1298 2723 1479 2766 curare,
1508 2715 1562 2755 ut
1587 2714 1692 2755 tum
1718 2703 1990 2754 venerabili

93 2863 95 2866 v
145 2791 278 2843 fratri
317 2803 487 2845 nostro
522 2793 682 2845 Leoni
719 2798 881 2860 Papae
907 2798 1060 2855 XIII,
1095 2798 1236 2846 cuius
1261 2797 1466 2845 nomine
1490 2795 1680 2844 litterae
1721 2793 1845 2842 istae
1880 2808 1990 2856 pro-

104 2894 107 2896 ’
144 2883 381 2944 feruntur,
423 2892 529 2932 tum
571 2885 745 2934 ceteris
781 2883 1028 2948 episcopis
1069 2885 1322 2934 Ecclesiae
1355 2882 1667 2934 Christianae
1700 2897 1786 2945 per
1829 2889 1988 2930 totum

145 2971 318 3022 orbern
343 2982 653 3037 propagatae,
680 2972 859 3023 veritas
884 2975 953 3023 rei
979 2973 1323 3023 innotesceret.

217 3107 285 3155 ΙΙ.
325 3109 486 3158 Grave
528 3109 730 3172 quidem
770 3110 867 3158 hoc
907 3089 1091 3158 munus
1129 3117 1204 3157 est
1243 3116 1293 3156 et
1334 3107 1471 3169 quod
1515 3120 1618 3154 non
1666 3105 1773 3154 sine
1820 3105 1988 3166 aliquo

145 3196 455 3247 vehementis
479 3197 631 3246 animi
655 3198 832 3247 affectu
858 3197 1024 3260 peragi
1049 3197 1216 3260 possit.
1291 3195 1390 3244 Sed
1415 3209 1528 3242 cum
1566 3207 1658 3241 nos
1700 3208 1728 3240 a
1766 3189 1989 3254 principe

149 3287 407 3335 Pastorum
433 3287 497 3335 ad
522 3295 711 3350 partem
735 3288 953 3336 muneris
989 3285 1063 3334 sui
1099 3284 1343 3334 tremendi
1380 3285 1429 3331 in
1469 3278 1692 3331 Ecclesia
1729 3280 1989 3331 Catholica

147 3372 487 3424 sustinendam
546 3391 659 3424 vere
717 3375 970 3424 ordinatos
1039 3388 1148 3422 esse
1207 3370 1411 3420 firmiter
1468 3370 1740 3428 credamus,
1802 3368 1988 3418 iudicio

145 3460 417 3513 litterarum
451 3462 653 3512 istarum
690 3462 811 3512 nihil
847 3477 1236 3512 commovemur.
1310 3462 1451 3523 Opus
1493 3475 1623 3523 ergo.
1664 3458 1800 3522 quod
1843 3457 1988 3507 nobis

99 3608 101 3610 ,
147 3553 424 3601 necessario
449 3551 704 3612 incumbit,
736 3551 830 3600 “in
857 3550 1027 3614 spiritu
1053 3548 1267 3599 lenitatis
1289 3549 1312 3570 '’
1338 3549 1655 3612 adgredimur
1672 3564 1685 3610 3
1710 3555 1760 3598 et
1786 3546 1986 3597 maioris
