2216 3964
1040 337 1098 384 25

139 459 314 514 torum,
354 460 430 502 etc.
470 457 563 504 sub
609 454 899 504 Elizabetha
941 458 1139 518 Regina
1161 472 1266 505 A.D.
1301 461 1429 519 1560
1454 456 1607 505 latine
1641 458 1794 514 edito,
1820 467 1907 505 aut
1943 461 1994 505 in

136 540 244 590 aliis
264 543 583 592 documentis
609 542 821 606 publicis
840 543 994 593 latina
1017 545 1187 607 lingua
1211 544 1505 610 conceptis]
1558 547 1623 593 Et
1649 547 1747 594 hoc
1766 562 1867 594 non
1889 545 1995 594 sine

141 628 506 694 significatione
531 633 718 681 factum
743 635 954 694 videtur,
982 650 1094 682 cum
1131 635 1178 681 in
1205 636 1518 683 versionibus
1558 633 1762 682 Biblicis
1799 634 1992 692 nostris,

139 722 341 770 saeculo
379 735 469 769 XV1
502 721 664 782 editis,
691 723 894 770 verbum
935 721 1078 786 ἱερεὺς
1106 723 1155 770 id
1183 732 1256 771 est
1299 723 1607 771 “sacerdos''
1649 739 1737 785 per
1766 722 1994 771 “Priest'’

136 809 373 859 reddatur
415 809 574 874 (quod
617 810 667 858 in
709 810 937 860 Ordinali
979 810 1261 873 Anglicano
1301 827 1498 873 semper
1540 812 1768 869 usitatur,
1807 821 1854 859 et
1889 827 1990 859 sae—

134 896 338 960 pissime
374 897 423 945 in
467 899 632 946 officio
661 898 1003 946 Eucharistico
1046 908 1095 946 et
1137 897 1308 961 alibi);
1347 897 1656 962 πρεσβύτερος
1698 906 1864 946 autem
1909 900 1986 948 i.e.

139 986 170 1010 “
185 985 449 1048 Presbyter
464 986 489 1006 '’
515 985 717 1034 vertitur
745 988 774 1009 “
796 985 990 1034 Elder''
1016 985 1066 1034 id
1092 996 1167 1034 est
1196 988 1224 1010 “
1245 984 1466 1034 Senior.''

164 1062 172 1066 -
201 1075 334 1124 Cum
371 1090 487 1138 ergo
523 1076 675 1123 verba
709 1076 780 1122 ad
808 1074 1010 1136 qfficlum
1046 1081 1092 1122 el
1123 1082 1239 1137 opas
1273 1076 1476 1136 episcopi
1507 1077 1583 1123 vel
1618 1078 1875 1124 sacerdotis
1913 1081 1930 1137 (>
1939 1086 1991 1124 ut

134 1178 228 1212 nos
266 1161 441 1212 Latine
476 1163 684 1212 reddere
720 1164 938 1212 solemus
967 1164 1096 1212 “the
1133 1163 1278 1211 office
1313 1163 1414 1212 and
1451 1164 1582 1212 work
1626 1165 1679 1213 of
1716 1181 1745 1212 a
1783 1166 1991 1228 priest’'‘)

131 1267 267 1301 anno
319 1254 462 1313 1662,
501 1252 671 1301 addita
712 1261 893 1311 essent,
944 1268 1047 1301 non
1087 1252 1282 1301 videtur
1320 1254 1582 1302 Romanae
1623 1255 1991 1302 controversiae

129 1340 285 1403 gratia
332 1341 532 1400 factum,
590 1341 680 1389 sed
738 1342 803 1390 ad
865 1340 1166 1390 erudiendas
1228 1340 1715 1404 Presbyterianorum
1775 1351 1986 1402 mentes,

130 1428 216 1492 qui
262 1427 314 1476 in
351 1437 520 1478 nostro
555 1428 682 1478 libro
717 1430 1101 1478 fundamentum
1153 1430 1254 1478 suis
1302 1429 1627 1492 opinionibus
1664 1429 1987 1492 quaerebant.

132 1515 399 1567 Historicis
424 1519 552 1567 bene
584 1527 759 1567 notum
798 1528 873 1567 est
909 1535 970 1567 eo
1007 1527 1232 1581 tempore
1257 1526 1510 1567 certamen
1538 1516 1793 1567 Ecclesiae
1819 1520 1990 1582 Angli-

129 1623 284 1657 canae
308 1623 422 1656 cum
448 1609 518 1657 eis
541 1605 656 1656 viris
680 1616 729 1656 et
753 1607 859 1656 aliis
886 1607 1221 1666 novatoribuS,
1260 1623 1373 1670 rege
1417 1608 1588 1656 occiso
1625 1617 1674 1656 et
1718 1608 1845 1670 regis
1882 1609 1987 1656 filio

132 1695 336 1759 expulso
360 1705 410 1746 et
445 1695 782 1746 ecclesiastico
815 1705 946 1745 statu
983 1712 1171 1756 everSO,
1199 1698 1359 1746 multo
1395 1694 1621 1746 acerbius
1657 1694 1809 1744 fuisse
1835 1712 1986 1758 quam

131 1799 247 1832 cum
287 1783 544 1834 Romanis.
617 1784 806 1834 Addita
846 1793 963 1834 sunt
999 1801 1115 1834 vero
1158 1786 1308 1834 verba
1350 1800 1451 1834 non
1493 1793 1548 1832 ut
1586 1785 1795 1832 formam
1839 1799 1987 1834 sensu

126 1871 354 1938 liturgico
385 1871 697 1937 perficerent.
795 1874 1103 1923 Mutationes
1130 1872 1262 1923 enim
1289 1873 1402 1923 illae
1427 1872 1623 1936 longius
1649 1889 1740 1933 nos
1764 1889 1793 1921 a
1821 1872 1988 1922 Ponti-

129 1963 352 2012 ficalibus
424 1963 686 2012 trahebant
751 1979 850 2011 non
912 1964 1116 2025 propius
1182 1962 1518 2011 adducebant.
1612 1964 1804 2025 Scopus
1863 1979 1982 2025 ergo

129 2051 458 2100 additamenti
502 2061 604 2100 erat
651 2061 704 2100 ut
726 2051 1005 2100 differentia
1054 2050 1243 2099 ordinis
1298 2049 1709 2099 manifestaretur.
1791 2051 1983 2100 Addita

124 2149 241 2189 sunt
265 2139 414 2190 etiam
453 2141 628 2190 eodem
656 2150 880 2204 tempore
904 2142 1001 2189 alia
1033 2139 1255 2190 eiusdem
1282 2139 1477 2203 generis
1502 2149 1678 2188 contra
1702 2149 1985 2198 novatores,

126 2230 260 2279 velut
306 2229 358 2277 in
409 2231 615 2279 Letania
663 2233 975 2292 precationes
1023 2238 1198 2278 contra
1248 2228 1622 2278 “rebellionem
1645 2230 1668 2249 '³
1716 2238 1765 2278 et
1812 2239 1988 2278 contra

127 2321 156 2344 “
176 2319 439 2379 schisma‚''
473 2321 631 2368 oratio
667 2335 758 2381 pro
786 2320 973 2382 Magna
1010 2318 1162 2368 Curia
1197 2312 1502 2367 Parlamenti
1529 2327 1579 2366 et
1603 2334 1694 2380 pro
1719 2317 1990 2368 stabilitate

124 2407 263 2469 pacis
321 2408 543 2456 internae
602 2416 652 2456 et
708 2405 974 2469 religionis,
1026 2415 1075 2455 et
1117 2408 1365 2455 orationes
1410 2417 1623 2469 quatuor
1671 2408 1986 2469 temporibus

125 2496 384 2546 dicendae.
459 2497 603 2556 Quae
639 2498 824 2557 Papam
864 2496 1016 2543 latere
1052 2495 1219 2542 forsan
1257 2511 1360 2543 non
1399 2494 1680 2544 mirandum
1733 2504 1807 2543 est
1835 2514 1848 2556 ;
1896 2496 1987 2546 sed

124 2587 252 2636 haec
274 2587 441 2635 omnia
477 2586 816 2634 difficultatem
861 2593 1139 2632 monstrant
1177 2585 1289 2632 libri
1337 2583 1492 2633 nostri
1532 2583 1892 2647 interpretandi
1925 2600 1986 2634 ex

125 2682 441 2736 separatlone
464 2681 685 2736 gentium
712 2681 762 2721 et
786 2673 1106 2720 ecclesiarum
1134 2671 1334 2721 ortam.2

198 2760 299 2809 Sed
322 2760 480 2808 forma
516 2760 699 2807 saeculi
726 2773 815 2806 xvt
857 2776 943 2821 per
967 2775 1020 2808 se
1057 2775 1159 2807 non
1199 2760 1354 2809 modo
1380 2761 1630 2810 sufficiens
1656 2763 1745 2811 sed
1779 2763 1984 2814 abunde

131 2847 380 2897 sufficiens
406 2858 522 2896 erat.
598 2846 770 2897 Oratio
809 2846 942 2895 enim
975 2848 1283 2908 Omnipotens
1307 2849 1460 2909 Deus,
1497 2851 1711 2898 omnium
1750 2853 1982 2901 bonorum

181 3023 273 3064 XV.
310 3021 321 3046 ¹
356 3024 450 3077 E.g.
474 3023 518 3064 in
538 3022 721 3064 articulis
745 3021 956 3075 religionis
981 3022 1079 3062 anni
1101 3022 1218 3074 1562,
1235 3022 1277 3062 in
1299 3022 1528 3063 canonibus
1548 3022 1647 3064 anni
1671 3033 1770 3075 1571
1788 3031 1829 3065 et
1850 3024 1951 3066 alibi
1970 3040 1980 3067 :

125 3089 221 3129 vide
242 3090 358 3129 Com.
386 3091 501 3140 Mag.
530 3090 637 3129 Brit.
662 3095 749 3128 tom
770 3089 822 3127 iv.
850 3102 917 3140 pp.
935 3088 1038 3138 ³236,
1065 3089 1158 3138 263,
1182 3098 1275 3137 429.
1342 3087 1543 3128 Similiter
1563 3088 1606 3128 in
1622 3089 1811 3130 versione
1831 3103 1980 3143 graeca

125 3153 221 3194 libri
249 3155 392 3203 nostri,
427 3167 536 3194 anno
575 3154 675 3205 1665
699 3153 994 3205 Cantabrigiae
1015 3154 1143 3200 edita,
1160 3151 1383 3205 Ἶερωσύνη
1404 3158 1445 3192 et
1463 3153 1592 3203 ἱερεὺς
1610 3154 1653 3194 in
1674 3155 1854 3195 ordinali
1875 3161 1917 3195 et
1937 3156 1981 3196 in

124 3218 260 3260 officio
283 3219 566 3259 Eucharistico
586 3225 627 3259 et
647 3219 745 3259 alibi
766 3210 971 3269 leguntur.
1040 3217 1090 3257 In
1106 3218 1356 3270 quibusdam
1376 3218 1638 3260 versionibus
1659 3219 1800 3260 latinis
1825 3221 1854 3241 “
1868 3233 1980 3272 pres-

129 3283 272 3336 byter”
292 3284 430 3337 potius
450 3284 663 3338 reperitur.
715 3322 726 3329 ,

180 3359 274 3399 XV.
300 3358 316 3384 2
348 3359 456 3400 Vide
478 3360 529 3400 G.
557 3360 711 3399 Burnet
735 3360 843 3398 Hszl.
869 3359 959 3410 Res.
988 3369 1020 3398 11
1045 3373 1082 3410 p.
1116 3368 1190 3408 144
1211 3358 1351 3408 (1680)
1374 3365 1413 3399 et
1440 3360 1695 3399 Vindication
1723 3360 1776 3411 of
1799 3359 1978 3400 Ordina-

125 3424 384 3475 tionsofClz.
409 3425 580 3475 ofEng‘.
607 3436 645 3476 p.
674 3433 719 3473 71
745 3424 914 3474 (1677);
958 3423 1015 3462 H.
1036 3424 1246 3462 ·Prideaux
1275 3424 1387 3463 Eccl.
1421 3424 1563 3463 Tracts
1598 3438 1666 3477 pp.
1698 3433 1759 3476 15,
1785 3424 1850 3477 36,
1875 3425 1981 3476 69—

129 3497 181 3538 72
212 3494 288 3529 etc.
316 3487 456 3539 (1687)
492 3489 556 3528 ed.
582 3499 620 3536 2,
660 3496 793 3539 17153
837 3487 888 3528 cf.
914 3488 1096 3528 eiusdem
1130 3488 1349 3539 epistulam
1385 3501 1450 3541 ap.
1478 3488 1685 3530 Cardwell
1721 3489 1982 3542 Conse-rences

132 3565 182 3604 p.⁴
199 3551 331 3604 387—8
352 3566 411 3602 n.,
436 3553 499 3593 ed.
527 3562 549 3603 3
572 3553 707 3593 Oxon.
739 3551 852 3603 1849.
