2216 3964
1171 357 1226 399 32

282 474 491 520 ordinati
550 475 709 534 primo
768 474 831 520 ad
891 471 1180 522 sacrificium
1242 473 1547 523 offerendum
1610 475 1749 522 variis
1817 474 1988 531 ritibus
2057 480 2106 521 et

281 560 559 609 cerimoniis
592 570 1006 623 praepararentur,
1035 561 1216 610 deinde
1252 570 1304 610 ut
1339 570 1635 625 potestatem
1669 560 1906 611 offerendi
1928 562 2107 611 diserte

283 647 511 696 traditam
554 648 847 710 acciperent,
887 649 1030 696 tertio
1083 658 1136 696 ut
1194 648 1345 698 iidem
1387 651 1438 697 in
1476 648 1625 698 missa
1683 649 1978 698 celebranda
2031 647 2106 696 ius

283 735 546 784 sacerdotii
617 746 919 799 usurparent,
971 737 1186 798 denique
1244 746 1298 785 ut
1350 736 1444 784 alia
1498 745 1740 799 potestate
1799 733 2103 794 sacerdotali,

281 831 484 884 peccata
520 820 704 870 scilicet
747 821 1041 882 remittendi,
1069 822 1270 884 publice
1307 831 1606 871 ornarentur.
1680 823 1823 884 Quae
1865 819 2105 870 sententia

280 927 338 958 ex
363 910 520 959 verbis
547 910 908 959 Pontificalium
934 919 1152 959 veterum
1193 912 1521 971 confirmatur,
1550 920 1603 959 ut
1628 927 1716 973 eg.
1745 910 1793 958 in
1829 908 2105 958 Pontificali

282 998 624 1047 Sarisburiensi
650 1000 822 1061 legitur
850 1003 878 1024 “
898 999 1116 1047 Benedic
1142 1008 1190 1047 et
1215 1000 1466 1047 sanctifica
1491 1001 1578 1048 has
1605 1015 1778 1046 manus
1813 999 2103 1046 sacerdotum
2175 1038 2178 1040 ,

281 1087 517 1133 tuorum.”
549 1136 551 1138 ,
591 1087 734 1133 Haec
760 1084 902 1147 igitur
940 1087 1105 1133 omnia
1144 1101 1269 1147 quae
1308 1095 1418 1147 post
1443 1085 1695 1147 antiquam
1727 1087 1858 1132 illam
1898 1085 2106 1132 formam

280 1183 563 1235 sequuntur,
591 1173 717 1220 sicut
742 1174 891 1221 verba
928 1182 1097 1221 nostra
1140 1189 1273 1221 anno
1319 1175 1440 1221 1662
1483 1172 1665 1230 addita,
1694 1170 1978 1234 simpliciter
2001 1186 2102 1219 non

280 1263 552 1309 necessaria
595 1270 719 1308 sunt.
796 1263 1069 1309 Potestates
1106 1260 1237 1309 enim
1276 1260 1396 1309 istae
1434 1262 1511 1309 vel
1554 1260 1790 1322 implicite
1827 1269 1876 1308 et
1910 1275 1969 1308 ex
2010 1274 2101 1306 usu

279 1351 403 1397 tradi
451 1356 672 1411 possunt,
722 1357 775 1396 ut
828 1349 961 1411 apud
1008 1347 1236 1411 antiquos
1284 1350 1443 1408 fiebat,
1488 1350 1566 1397 vel
1606 1348 1771 1396 statim
1811 1356 1857 1396 et
1894 1348 2104 1406 diserte3

278 1437 363 1486 sed
411 1438 474 1485 ad
524 1435 847 1485 ordinationis
895 1437 1161 1485 efficaciam
1212 1437 1390 1485 modus
1449 1435 1722 1485 traditionis
1769 1436 1905 1483 nullo
1951 1434 2104 1483 modo

278 1525 500 1588 pertinet.

346 1614 488 1674 Quae
535 1629 648 1660 curn
707 1611 885 1674 partim
941 1611 1302 1674 perspexissent
1360 1621 1521 1674 patres
1569 1613 1733 1670 nostri,
1784 1621 1831 1660 et
1879 1611 2101 1660 viderent

278 1702 554 1750 doctrinam
580 1699 922 1749 scholasticam
959 1700 1087 1748 circa
1129 1699 1720 1749 transsubstantiationem
1748 1698 1887 1761 panis
1913 1708 1960 1747 et
1984 1697 2098 1758 vini,

277 1798 324 1837 et
372 1788 692 1838 recentiorem
746 1789 809 1836 de
857 1787 1095 1836 sacrificio
1142 1788 1299 1836 crucis
1358 1788 1407 1835 in
1468 1790 1615 1836 missa
1663 1787 1737 1851 (ut
1791 1786 2102 1850 credebatur)

277 1876 498 1940 repetito,
547 1875 772 1939 populari
819 1890 965 1924 sensu
1013 1892 1127 1924 curn
1175 1877 1470 1938 quibusdam
1519 1891 1580 1924 ex
1626 1875 1945 1937 sequentibus
1987 1876 2101 1923 ceri·

278 1964 454 2013 moniis
502 1974 551 2014 et
592 1963 893 2013 orationibus
942 1963 1187 2026 coniungi,
1232 1965 1365 2026 apud
1404 1980 1455 2012 se
1502 1964 1803 2026 quaerebant
1843 1963 2099 2025 quomodo

275 2054 393 2102 ritus
434 2053 515 2101 ille
553 2063 684 2101 totus
725 2069 824 2101 non
864 2053 1015 2101 modo
1058 2052 1289 2115 integrior
1331 2062 1377 2100 et
1412 2052 1588 2114 purior,
1631 2053 1717 2100 sed
1754 2051 2012 2114 perfectior
2048 2059 2098 2100 et

276 2141 486 2189 nobilior
510 2142 752 2189 evaderet.
828 2142 892 2188 Et
935 2157 1047 2188 cum
1078 2156 1138 2189 eo
1163 2149 1384 2202 ternpore
1409 2141 1471 2188 de
1505 2140 1796 2201 antiquitate
1821 2139 2097 2188 orationum

273 2230 539 2290 primarum
561 2229 697 2275 nullo
734 2228 885 2275 modo
918 2237 1178 2287 constaret,
1207 2229 1294 2276 sed
1319 2228 1576 2276 doctorum
1620 2227 1890 2276 sententiae
1929 2227 2096 2275 formis

276 2315 571 2379 imperativis
619 2331 818 2364 omnem
866 2315 1095 2364 virtutem
1149 2315 1429 2374 tribuerent,
1486 2315 1676 2363 animos
1736 2331 1850 2363 suos
1893 2316 1957 2363 ad
2009 2316 2097 2363 has

276 2405 440 2467 potius
466 2420 614 2465 quarn
639 2404 703 2451 ad
728 2404 833 2451 illas
853 2403 1186 2452 advertebant.

342 2494 404 2539 In
428 2507 575 2553 quern
614 2492 763 2539 finem
802 2491 960 2553 primo
998 2489 1361 2552 simplicitatem
1400 2490 1831 2552 persequebantur,
1869 2500 1918 2539 et
1949 2492 2096 2540 totius

276 2581 394 2628 ritus
420 2588 580 2642 partes
597 2579 658 2626 ad
680 2595 832 2626 unum
855 2579 992 2640 quasi
1013 2580 1209 2626 culmen
1226 2576 1515 2640 dirigebant,
1535 2577 1602 2626 ita
1626 2588 1678 2627 ut
1702 2595 1849 2627 nemo
1874 2579 2097 2628 dubitare

276 2677 441 2731 posset
467 2683 567 2729 quo
587 2676 842 2715 momento
865 2667 1019 2728 gratia
1042 2675 1089 2715 et
1119 2674 1336 2728 potestas
1361 2665 1620 2721 sacerdotii
1645 2668 1852 2715 daretur.
1928 2669 1999 2715 Ea
2023 2675 2097 2716 est

276 2755 407 2804 enirn
433 2753 756 2817 simplicitatis
781 2756 851 2803 vis
881 2763 934 2802 ut
959 2753 1149 2802 animos
1174 2753 1433 2801 hominurn
1468 2756 1620 2816 magis
1646 2755 1708 2802 ad
1733 2753 1898 2803 divina
1922 2755 2098 2804 evehat

277 2859 426 2904 quam
468 2841 613 2891 series
652 2843 799 2904 longa
837 2841 1226 2901 cerimoniarum,
1273 2843 1496 2903 quamvis
1534 2841 1802 2890 rectissima
1842 2845 2095 2892 voluntate

277 2933 665 2979 coniunctarum.
756 2929 1077 2979 Orationibus
1116 2914 1232 2992 ergo
1273 2929 1567 2992 praemissis,
1617 2947 1743 2993 quae
1786 2940 1834 2980 et
1875 2933 2091 2982 officium

277 3016 544 3066 sacerdotii
569 3027 619 3065 et
644 3016 1011 3066 successionem
1039 3034 1067 3065 a
1092 3017 1365 3066 ministerio
1385 3019 1740 3079 Apostolorum
1762 3020 2092 3078 declarabant,

275 3104 644 3167 impositionem
671 3121 910 3152 manuum
937 3121 1048 3152 cum
1076 3105 1236 3153 verbis
1266 3105 1472 3153 Domini
1497 3105 1650 3154 nostri
1675 3107 1956 3170 iungebant.
2031 3110 2095 3157 Et

275 3192 326 3240 in
353 3193 446 3240 hac
477 3208 527 3240 re
552 3193 833 3254 exemplum
861 3194 1114 3241 Ecclesiae
1138 3184 1456 3254 Apostolicae
1499 3194 1749 3242 consulto2
1781 3195 1938 3244 secuti
1962 3206 2091 3256 sunt,

277 3295 403 3340 quae
419 3282 577 3341 primo
607 3280 713 3327 “ad
734 3278 1008 3327 orationem
1031 3295 1082 3328 se
1098 3281 1459 3339 convertel)at,”
1474 3279 1655 3328 deinde
1677 3298 1850 3330 manus
1875 3283 2095 3346 impone-

276 3368 360 3414 bat
377 3377 424 3415 et
442 3367 689 3415 ministros
716 3384 830 3415 suos
857 3366 1147 3426 dimittebat,
1167 3383 1266 3415 non
1284 3369 1554 3428 Romanae,
1574 3384 1701 3430 quae
1727 3371 2091 3432 impositionem

330 3497 447 3535 XIX.
494 3495 509 3519 ²
554 3498 661 3536 Vide
694 3498 998 3537 adlocutionem
1037 3497 1346 3548 Archiepiscopi
1381 3499 1432 3536 ad
1472 3500 1669 3551 populum
1707 3499 1748 3538 in
1787 3501 2092 3547 consecratione

280 3560 487 3611 Episcopi,
512 3567 551 3599 et
574 3563 664 3599 Act.
693 3561 763 3600 xiii
785 3573 820 3616 3.
884 3561 945 3601 Cf.
972 3562 1010 3600 vi
1031 3562 1056 3599 6
1077 3567 1117 3600 et
1138 3561 1204 3599 xiv
1227 3571 1287 3604 22,
