2216 3964
1037 356 1094 400 27

196 474 336 523 XVI.
360 477 722 537 Argumentum
742 486 908 523 autem
927 478 1250 537 praecipuum
1269 484 1317 522 ct
1335 474 1668 521 firmissimum
1689 471 1808 519 illud
1825 473 1989 530 Papae

135 560 294 608 videri
317 560 567 610 credimus
592 562 729 624 quod
755 578 854 610 non
879 562 942 610 de
957 561 1122 610 verbis
1148 561 1196 608 in
1222 563 1379 610 forma
1404 570 1573 609 nostra
1597 559 1796 618 additis,
1816 558 1904 605 sed
1925 556 1990 603 de

137 647 426 698 cerimoniis
449 660 501 699 et
525 650 836 699 orationibus
862 650 911 698 in
937 660 1102 699 cetera
1127 652 1325 698 actione
1351 649 1634 712 peragenda
1659 664 1685 695 a
1711 645 1858 694 nobis
1878 643 1992 692 sub-

136 735 371 797 latis,nos
390 738 599 787 incuset.
649 739 831 788 Scribit
851 737 1129 802 enim(§7):
1159 741 1332 785 “Nam
1357 748 1410 785 ut
1429 747 1594 785 cetera
1619 743 1991 798 praetereantur

135 839 264 886 quae
289 841 373 875 eas
399 827 615 890 (preces)
632 828 975 876 demonstrent
999 826 1047 874 in
1079 829 1175 874 ritu
1201 826 1480 888 Anglicano
1496 827 1661 872 minus
1687 823 1989 872 sufficientes

137 914 410 975 proposito,
451 930 610 962 unum
660 916 760 963 hoc
801 924 1149 978 argumentum
1192 914 1255 962 sit
1302 915 1458 962 instar
1499 915 1743 972 omnium,
1771 913 1834 960 de
1870 909 2007 972 ipsis·

134 1003 365 1051 consulto
391 1003 666 1052 detractum
692 1019 801 1052 esse
834 1004 1081 1066 quidquid
1118 1002 1168 1050 in
1206 1002 1301 1051 ritu
1341 1002 1592 1051 catholico
1618 1003 1911 1064 dignitatem
1939 1008 1989 1048 et

135 1090 297 1140 officia
333 1091 599 1142 sacerdotii
634 1092 893 1155 perspicue
935 1093 1173 1156 designat.
1249 1094 1368 1141 Non
1408 1108 1466 1141 ea
1503 1091 1650 1155 igitur
1691 1093 1852 1139 forma
1876 1105 1987 1137 esse

133 1187 251 1242 apta
296 1189 346 1229 et
371 1179 619 1229 sufficiens
644 1190 956 1230 sacramento
982 1190 1159 1243 potest,
1200 1197 1327 1243 quae
1353 1181 1404 1229 id
1430 1196 1613 1242 nempe
1638 1179 1813 1228 reticet
1849 1178 1989 1240 quod

138 1268 345 1318 deberet
384 1271 641 1332 proprium
680 1269 1008 1332 significare.''
1080 1272 1143 1318 Et
1178 1271 1302 1318 infra
1327 1269 1468 1318 addit
1509 1285 1638 1331 quae
1663 1267 1840 1332 partim
1866 1269 1989 1316 falsa

138 1365 270 1418 sunt,
298 1359 476 1420 partim
512 1359 723 1407 lectores
748 1359 798 1406 in
825 1374 1038 1407 errorem
1074 1359 1307 1406 facillime
1344 1358 1634 1417 abductura,
1673 1365 1722 1405 et
1764 1357 1991 1404 Patribus

141 1444 321 1495 nostris
365 1455 416 1495 et
463 1446 608 1494 nobis
657 1447 827 1508 iniqua
847 1449 960 1494 :—“
979 1449 1112 1495 Toto
1152 1446 1378 1496 Ordinali
1416 1462 1518 1494 non
1554 1446 1708 1494 modo
1745 1446 1880 1493 nulla
1918 1453 1993 1493 est

138 1542 310 1596 aperta
347 1533 538 1584 mentio
590 1534 831 1592 sacrificii,
876 1534 1279 1594 consecrationis,
1318 1533 1595 1592 sacerdotii,
1635 1534 1992 1597 potestatisque

137 1621 467 1671 consecrandi
508 1632 558 1672 et
599 1625 828 1671 sacrificii
870 1625 1142 1672 offerendi:
1179 1616 1269 1672 s'ed
1305 1623 1461 1672 immo
1499 1622 1668 1673 omnia
1703 1621 1991 1671 huiusmodi

141 1726 306 1760 rerum
363 1710 569 1775 vestigia
638 1750 647 1759 .
724 1751 733 1760 .
807 1750 816 1761 .
905 1714 1099 1762 sublata
1150 1722 1201 1762 et
1248 1714 1414 1762 deleta
1459 1721 1575 1761 sunt
1602 1712 1666 1760 de
1714 1709 1994 1759 industria'’

139 1795 191 1863 (ς
221 1798 292 1852 8).
359 1800 425 1848 Et
449 1798 548 1848 alio
573 1801 702 1859 loco,
731 1816 911 1863 magna
948 1800 1107 1864 (piget
1143 1799 1334 1864 dicere)
1369 1816 1483 1848 cum
1510 1815 1671 1848 rerum
1699 1798 1990 1862 ignorantia,

137 1885 312 1937 scribit
348 1889 412 1937 de
449 1898 588 1951 parte
634 1894 741 1938 “ea
775 1889 1182 1953 Anglicanorum,
1227 1906 1329 1938 non
1367 1892 1435 1938 ita
1482 1905 1678 1952 magna,
1716 1887 1993 1938 recentiore

140 1983 370 2040 ternpore
405 1978 601 2035 coalita,
628 1993 758 2039 quae
792 1977 1056 2027 arbitratur
1091 1994 1238 2040 posse
1274 1977 1410 2026 idem
1448 1979 1688 2027 Ordinale
1717 1978 1783 2026 ad
1818 1993 1989 2026 sanam

139 2074 430 2128 rectamque
481 2068 779 2115 sententiam
846 2065 1053 2130 intelligi
1113 2076 1161 2115 et
1222 2066 1452 2116 deduci.''
1515 2067 1710 2115 Deinde
1757 2084 1786 2115 a
1844 2066 1992 2116 nobis

141 2153 312 2218 negari
346 2164 397 2204 et
428 2156 693 2204 adulterari
725 2165 1088 2205 sacramentum
1128 2155 1317 2204 ordinis
1353 2157 1575 2213 affirmat,
1604 2172 1698 2204 nos
1727 2157 1991 2219 repudiare

141 2242 217 2307 (in
264 2237 495 2293 Ordinali
534 2244 747 2307 scilicet)
772 2261 976 2294 omnem
1014 2244 1273 2314 notionem
1313 2245 1706 2294 consecrationis
1753 2255 1803 2294 et
1850 2247 1994 2293 sacri-

141 2329 257 2390 ficii,
283 2340 334 2380 et
375 2331 499 2381 dicit
531 2331 696 2380 officia
733 2332 1007 2395 presbyteri
1036 2343 1085 2381 et
1125 2332 1348 2396 episcopi
1386 2342 1571 2382 restare
1610 2332 1861 2381 “nomina
1886 2334 1994 2382 sine

141 2435 194 2469 re
244 2436 395 2484 quarn
451 2420 667 2470 instituit
712 2423 986 2472 Christus.''
1075 2424 1172 2470 His
1210 2423 1347 2471 duris
1394 2432 1443 2472 et
1492 2422 1784 2471 inconsultis
1831 2423 1995 2471 verbis

141 2509 491 2573 respondimus
538 2512 636 2558 iarn
673 2526 732 2560 ex
773 2521 927 2574 parte,
979 2512 1235 2560 monendo
1283 2513 1523 2560 incertam
1571 2521 1620 2560 et
1661 2511 1992 2574 periculosam

142 2596 275 2646 viam
322 2597 386 2645 ab
433 2613 495 2646 eo
541 2595 654 2644 iniri
695 2599 781 2659 qui
823 2615 882 2646 ex
924 2599 1210 2646 coniectura
1261 2607 1455 2646 tantum
1504 2599 1747 2647 ecclesiae
1795 2607 1996 2648 nostrae

141 2695 283 2735 actus
307 2684 667 2749 interpretetur,
710 2695 761 2734 et
799 2686 894 2735 sibi
932 2687 1008 2735 ius
1047 2688 1278 2736 adsumat
1315 2688 1430 2735 novi
1466 2688 1653 2736 decreti
1678 2688 1995 2750 proponendi

144 2776 209 2823 de
256 2773 445 2823 ordinis
492 2776 652 2823 forma
687 2778 978 2836 necessaria,
1017 2777 1156 2839 quod
1192 2775 1457 2839 episcopos
1501 2786 1696 2825 nostros
1731 2776 1995 2840 legitimos,

145 2865 349 2913 saeculo
365 2863 568 2913 decimo
585 2874 725 2913 sexto
742 2866 1003 2914 ecclesiam
1024 2865 1374 2928 gubernantes,
1394 2867 1459 2914 ob
1484 2866 1706 2928 regulam
1733 2865 1828 2915 illis
1843 2868 1994 2929 plane

142 2951 466 3016 incognitam,
484 2954 705 3002 damnet.
764 2954 1104 3002 Ecclesiarum
1125 2955 1494 3016 particularium
1514 2954 1721 3004 libertas
1741 2953 1791 3003 in
1817 2956 1997 3006 ritibus

141 3042 472 3090 reformandis
510 3057 615 3091 non
656 3043 726 3091 ita
763 3058 854 3104 pro
887 3041 1092 3098 arbitrio
1131 3044 1324 3091 Romae
1349 3043 1579 3091 tollenda
1602 3052 1692 3092 est.
1767 3046 1914 3107 Nam,
1943 3054 1999 3094 ut

145 3129 271 3178 infra
313 3129 488 3192 partim
533 3129 932 3190 monstrabimus,
964 3132 1133 3178 “ritus
1171 3130 1448 3179 catholicus
1466 3131 1490 3152 ''
1523 3132 1661 3181 nullo
1687 3134 1842 3182 modo
1866 3149 1997 3182 unus

147 3226 237 3278 est,
257 3219 345 3267 sed
370 3219 581 3267 multum
606 3220 734 3268 inter
757 3235 809 3267 se
834 3210 1024 3267 variant
1048 3218 1168 3267 ritus
1194 3218 1343 3267 etiam
1366 3236 1395 3268 a
1414 3219 1658 3269 Romanis
1682 3223 1959 3284 approbati.

213 3308 312 3356 Sed
336 3316 468 3357 tacet
493 3307 822 3357 intentionem
842 3309 1083 3356 ecclesiae
1107 3316 1307 3357 nostrae
1325 3324 1386 3357 ex
1410 3311 1715 3371 praefatione
1744 3311 2002 3362 Ordinalis

142 3397 301 3446 nostri
341 3397 666 3458 notissimam,
709 3407 841 3448 tacet
883 3397 1183 3460 principium
1230 3414 1259 3446 a
1307 3397 1536 3447 Patribus
1584 3402 1765 3449 nostris
1800 3417 2000 3465 semper

142 3486 452 3550 propositum
507 3488 645 3549 quod
708 3495 849 3535 actus
902 3502 1075 3535 eorum
1143 3485 1250 3535 sine
1320 3489 1729 3549 interpretatione
1795 3489 2002 3541 inimica

147 3576 377 3637 explicat.
