2216 3964
1125 339 1152 384 8

215 469 453 516 momenti
479 468 706 518 ducimus
733 479 784 518 ut
810 470 1035 520 doctrina
1060 481 1226 520 nostra
1251 473 1315 522 de
1340 474 1488 521 sacris
1513 471 1770 522 ordinibus
1795 478 1845 521 et
1880 468 2055 520 ceteris

217 556 281 603 ad
306 570 390 603 eos
415 556 776 618 pertinentibus
803 559 867 606 ad
891 559 1106 606 futuram
1141 558 1211 607 rei
1248 560 1535 608 memoriam
1573 561 1735 623 palam
1772 561 1869 620 fiat,
1908 572 2055 620 quam

218 651 270 691 ut
296 646 552 693 victoriam
579 661 638 694 ex
675 647 769 693 alia
805 647 1014 694 ecclesia
1050 645 1235 696 Christi
1270 648 1321 694 in
1364 647 1697 696 controversia
1735 655 2054 710 reportemus.

220 733 597 783 Controversiae
624 742 791 783 tamen
818 735 975 782 forma
1011 735 1086 783 his
1121 734 1292 783 litteris
1329 737 1433 784 dari
1470 752 1672 785 necesse
1711 743 1798 795 est,
1843 750 1908 783 ne
1949 734 2059 796 quis

220 820 353 870 dicat
379 838 470 871 nos
495 831 897 886 argumentorum
927 839 984 871 ex
1010 822 1104 871 alia
1130 835 1265 886 parte
1291 825 1593 886 prolatorum
1620 823 1776 873 aciem
1802 824 2022 872 evitasse.

290 933 390 981 III.
419 932 769 982 Controversia
785 942 925 982 vetus
947 942 1061 991 erat,
1080 934 1167 982 sed
1185 949 1286 982 non
1306 936 1497 994 acerba,
1518 935 1579 983 de
1600 936 1760 983 forma
1784 942 1832 983 et
1858 933 2065 982 materia

219 1018 450 1067 ordinum
481 1037 744 1080 sacrorum,
772 1037 900 1083 quae
933 1037 992 1069 ex
1022 1030 1197 1069 natura
1226 1021 1295 1070 rei
1318 1030 1487 1071 exorta
1513 1032 1599 1081 est,
1628 1038 1741 1070 cum
1769 1019 1892 1069 nihil
1917 1021 1981 1069 de
2005 1035 2064 1069 ea

218 1106 454 1156 traditum
475 1107 736 1157 aDomino
752 1118 835 1157 aut
855 1109 917 1157 ab
938 1108 1194 1171 Apostolis
1218 1110 1338 1158 Eius
1359 1108 1758 1168 inveniatur,nisi
1777 1108 2063 1171 exemplum

223 1195 538 1244 notissimum
576 1197 749 1245 orandi
776 1212 890 1244 cum
917 1212 1154 1244 manuum
1180 1195 1507 1258 impositione.
1584 1200 1662 1245 De
1699 1198 1793 1245 hac
1829 1195 1979 1245 etiam
2014 1210 2068 1244 re
2111 1226 2113 1228 -

220 1300 396 1346 parum
449 1287 891 1347 pronuntiaverunt
950 1284 1178 1334 Concilia
1225 1283 1564 1344 Provincialia,
1606 1285 1729 1332 nihil
1777 1292 1966 1333 certum
2015 1291 2065 1331 et

220 1373 507 1422 absolutum
535 1374 876 1423 Oecumenica
900 1382 949 1422 et
966 1374 1229 1436 generalia.

289 1461 468 1523 Neque
509 1461 658 1510 etiarn
702 1461 985 1510 Concilium
1024 1458 1387 1520 Tridentinum‚
1429 1461 1509 1508 cui
1563 1462 1732 1509 Patres
1771 1459 1925 1508 nostri
1962 1473 2067 1507 non

215 1548 556 1608 interfuerunt,
584 1564 687 1597 rem
713 1549 899 1596 directe
922 1549 1091 1610 tangit.
1166 1552 1308 1608 Quae
1334 1547 1494 1596 obiter
1510 1548 1632 1596 dixit
1657 1549 1721 1596 de
1745 1545 2067 1610 impositione

221 1652 461 1685 manuum
490 1637 618 1700 (sess.
646 1651 736 1684 xlv
769 1640 824 1685 de
863 1643 1076 1685 extrema
1116 1639 1333 1685 unctione
1365 1652 1463 1701 cap.
1492 1636 1575 1701 111)
1614 1646 1663 1686 et
1689 1637 1908 1686 exactius
1932 1637 1996 1688 de
2018 1639 2068 1686 vi

219 1725 482 1774 verborum
522 1727 757 1788 “Accipe
797 1724 1030 1787 Spiritum
1069 1727 1352 1784 Sanctum,'’
1389 1742 1518 1788 quae
1544 1743 1646 1788 ·pro
1681 1728 1840 1775 forma
1876 1725 2066 1776 ordinis

219 1813 445 1876 accipere
485 1812 679 1863 videtur
717 1816 846 1878 (sess.
891 1829 1030 1861 xxm
1069 1817 1124 1862 de
1169 1821 1463 1863 sacramento
1509 1816 1708 1875 ordinis,
1750 1832 1927 1863 canone
1975 1814 2066 1879 lv),

221 1900 366 1950 nobis
391 1900 507 1950 satis
532 1902 744 1965 placent,
772 1910 820 1950 et
844 1911 975 1951 certe
1001 1903 1136 1950 nulla
1160 1918 1272 1950 cum
1299 1903 1573 1951 offensione
1597 1903 1878 1952 audiuntur.

291 1991 640 2041 Controversia
680 1991 924 2039 recentior
957 1999 1007 2039 et
1042 1989 1267 2038 acerbior
1302 1991 1366 2039 de
1403 1989 1657 2039 validitate
1696 1989 2067 2039 ordinationum

226 2078 615 2141 Anglicanarum
677 2079 784 2138 fuit,
841 2080 923 2128 cui
982 2078 1352 2129 controversiae
1400 2079 1622 2143 theologi
1681 2080 1904 2128 Romani
1956 2093 2069 2128 cum

222 2167 397 2215 ardore
445 2184 497 2216 se
534 2169 926 2227 immiscuerunt,
972 2177 1020 2217 et
1056 2167 1190 2216 varia
1237 2169 1384 2226 nobis
1435 2169 1731 2230 plerumque
1776 2166 1987 2215 crimina
2021 2174 2070 2215 et

227 2255 453 2304 defectus
490 2255 872 2318 imputaverunt.
949 2256 1075 2304 Sunt
1124 2264 1173 2304 et
1220 2253 1304 2302 alii
1342 2271 1401 2304 ex
1448 2257 1533 2314 eis,
1572 2271 1736 2317 neque
1786 2253 1820 2302 ii
1863 2253 2069 2303 minime

226 2343 512 2405 prudentes,
575 2342 661 2405 qui
719 2344 1064 2392 defensionem
1126 2352 1346 2391 nostram
1403 2345 1691 2406 generosius
1741 2343 2062 2405 susceperint.

230 2432 532 2480 Pontificum
578 2439 745 2480 autem
795 2433 1139 2480 Romanorum
1189 2429 1438 2479 sententia
1477 2431 1753 2480 rationibus
1806 2431 1952 2493 plene
2001 2432 2070 2478 in-

232 2528 415 2568 structa
462 2535 720 2582 nunquam
769 2527 916 2568 antea
962 2519 1165 2581 prodiit,
1220 2535 1328 2579 nec,
1376 2535 1491 2567 cum
1542 2519 1703 2582 praxis
1753 2516 2072 2568 reordinandi

233 2608 515 2657 sacerdotes
573 2618 782 2668 nostros,
839 2607 1065 2670 quamvis
1118 2623 1218 2656 non
1279 2610 1387 2657 sine
1447 2607 1758 2671 exceptione,
1812 2608 2072 2656 manifeste

232 2696 496 2755 obtineret,
556 2706 758 2759 propter
816 2713 942 2759 quos
1001 2697 1227 2746 defectus
1284 2697 1714 2746 reordinarentur.
1755 2688 1935 2747 rescire
1989 2712 2075 2766 po·

239 2794 467 2833 teramus.
545 2786 708 2834 Notae
733 2793 870 2834 erant
895 2785 957 2834 de
984 2787 1224 2834 Formoso
1247 2785 1358 2834 lites
1392 2785 1624 2848 indignae
1647 2794 1697 2834 et
1721 2786 1783 2834 de
1816 2783 2072 2834 haereticis

237 2874 561 2921 schismaticis
612 2882 660 2922 et
707 2872 989 2921 simoniacis
1041 2872 1436 2923 ordinationibus
1494 2875 1828 2922 vacillationes
1880 2874 2066 2936 longae.

239 2964 441 3012 Praesto
480 2972 618 3011 erant
662 2964 925 3012 Innocenti
969 2964 1053 3011 III
1096 2964 1160 3012 de
1198 2965 1434 3011 unctione
1479 2964 1754 3011 necessario
1801 2961 2074 3025 supplenda

234 3049 444 3113 epistula
459 3060 507 3099 et
521 3052 729 3113 Eugenii
743 3053 818 3098 IV
836 3053 1107 3100 Decretum
1123 3052 1187 3100 ad
1198 3053 1470 3111 Armen053
1496 3059 1826 3100 monumenta
1844 3049 2077 3099 historica

235 3137 418 3187 saeculi
444 3153 550 3198 xw,
578 3139 666 3187 sed
703 3155 884 3202 magna
916 3155 978 3188 ex
1008 3147 1343 3202 partensque
1379 3139 1532 3187 hodie
1566 3137 1858 3200 incognita3
1890 3134 2075 3186 iudicia

235 3227 369 3274 varia
401 3225 701 3275 Pontificum
739 3226 1074 3275 recentiorum
1108 3224 1383 3276 Clementis
1425 3226 1502 3273 XI
1543 3234 1590 3274 et
1624 3223 1887 3274 Benedicti
1925 3225 2066 3283 XIV,

233 3316 322 3362 sed
365 3316 636 3364 Clementis
678 3317 879 3378 quidem
905 3317 1066 3365 verbis
1105 3318 1416 3380 generalibus
1442 3325 1688 3379 concepta
1713 3324 1763 3365 et
1786 3330 1845 3365 ea
1880 3313 2070 3363 ratione

229 3400 430 3451 incerta.
471 3404 655 3452 Aderat
671 3405 816 3452 etiam
841 3403 1132 3453 Pontificale
1151 3406 1453 3463 Romanum,
1475 3405 1539 3452 de
1559 3412 1784 3466 tempore
1803 3402 1853 3451 in
1874 3411 2070 3464 tempus

228 3492 561 3551 reformatum,
603 3494 705 3551 sed,
734 3494 880 3554 quale
918 3479 1052 3541 nunc
1074 3480 1256 3553 exstat,
1286 3501 1386 3541 tam
1421 3493 1626 3541 confuse
1657 3490 1989 3554 compositum
2007 3475 2069 3538 'ut

227 3588 418 3628 mentes
460 3580 814 3642 inquirentium
865 3583 1020 3645 magis
1067 3581 1286 3630 turbaret
1334 3597 1484 3643 quam
1525 3581 1790 3630 adiuvaret.
1863 3579 1915 3627 Si
1957 3575 2067 3640 quis
