2216 3964
982 361 1043 409 33

93 497 333 532 manuum
357 483 520 544 primo
546 481 765 532 adhibet.
823 483 1070 541 Secundo,
1098 496 1212 530 cum
1233 482 1297 530 de
1321 481 1463 531 variis
1480 481 1743 532 sacerdotii
1762 481 1936 532 officiis

95 585 266 619 secum
305 578 599 632 reputarent,
627 567 864 619 videbant
906 569 1197 619 Pontificale
1236 569 1489 632 vulgatum
1529 571 1657 619 circa
1698 571 1821 620 duas
1860 585 1938 620 res

96 656 256 708 defici.
297 659 428 709 Cum
447 656 649 707 enimin
668 657 987 708 adlocutione
1012 656 1234 721 episcopi
1249 658 1374 707 haec
1389 658 1937 709 officiarecenserentur

97 747 448 796 “sacerdotem
491 754 686 808 oportet
729 746 916 806 offerre,
953 744 1262 805 benedicere,
1290 761 1529 809 praeesse,
1568 747 1852 809 praedicare
1887 756 1937 797 et

95 834 370 897 baptizare''
416 835 494 883 vel
534 832 724 893 similia,
771 843 821 883 et
868 833 918 881 in
967 834 1124 883 forma
1162 835 1364 896 antiqua
1411 849 1502 896 pro
1541 835 1835 898 presbyteris
1872 835 1935 885 de

98 922 127 946 ‘⁴
147 921 337 970 ratione
378 920 761 984 dispensationis
803 920 895 970 sibi
938 920 1152 970 creditae
1193 921 1475 970 reddenda''
1500 921 1688 970 dictum
1713 930 1856 982 esset,
1883 924 1936 971 in

97 1011 272 1060 ceteris
319 1018 486 1060 tamen
543 1009 710 1059 formis
759 1010 880 1059 nihil
924 1012 1017 1059 nisi
1065 1011 1130 1060 de
1179 1007 1419 1059 sacrificio
1468 1009 1724 1060 offerendo
1772 1018 1821 1059 et
1870 1011 1934 1060 de

90 1097 307 1162 peccatis
354 1099 664 1148 remittendis
723 1099 995 1159 dicebatur,
1039 1108 1088 1149 et
1136 1115 1226 1148 eae
1286 1106 1590 1162 potestatum
1639 1096 1930 1148 collationes

95 1187 290 1252 longius
338 1189 401 1237 ab
447 1187 662 1237 invicem
706 1186 1104 1251 seiungebantur.
1176 1186 1430 1236 Videbant
1480 1184 1628 1236 etiam
1676 1186 1934 1250 pastoralis

96 1275 245 1326 officii
280 1292 485 1326 munera
509 1292 682 1339 parum
721 1277 901 1325 habere
940 1275 1036 1324 loci
1075 1275 1126 1324 in
1158 1276 1443 1334 Pontificali,
1472 1276 1696 1338 quamvis
1737 1275 1801 1324 de
1842 1273 1935 1324 illis

96 1363 420 1428 Evangelium
470 1365 754 1427 plenissime
801 1364 1075 1426 eloquatur.
1149 1365 1209 1412 In
1258 1362 1364 1426 ipsa
1411 1379 1528 1426 ergo
1570 1364 1818 1427 praeclara
1852 1363 1935 1412 ad-

92 1454 343 1503 locutione
382 1454 446 1502 ab
493 1455 731 1516 episcopo
779 1451 1163 1515 pronuntianda,
1207 1462 1256 1501 et
1303 1451 1355 1500 in
1393 1453 1618 1501 examine
1642 1450 1934 1515 dignissimo

92 1540 230 1602 quod
269 1540 502 1602 sequitur,
545 1538 760 1589 officium
804 1541 1062 1603 pastorale,
1104 1540 1241 1602 quod
1290 1548 1363 1588 est
1416 1540 1699 1602 praesertim
1741 1537 1932 1599 Nuntii,

91 1629 420 1692 Speculatoris
445 1638 493 1678 et
521 1629 890 1692 Dispensatoris
930 1627 1150 1689 Domini,
1197 1629 1538 1678 sacerdotibus
1579 1630 1758 1677 nostris
1798 1643 1934 1691 prae·

92 1716 236 1781 cipue
255 1716 603 1781 proponebant
625 1736 635 1766 :
672 1733 799 1780 quae
825 1718 918 1766 nisi
962 1716 1073 1780 quis
1109 1715 1278 1780 legerit
1316 1726 1364 1766 et
1389 1717 1718 1780 perpenderit,
1745 1726 1794 1767 et
1819 1732 1932 1766 cum

88 1804 236 1857 sacris
261 1807 523 1870 Scripturis
550 1807 922 1869 comparaverit,
946 1804 1197 1856 Ordinalis
1223 1804 1379 1854 nostri
1403 1804 1633 1855 virtutem
1659 1807 1807 1869 plane
1831 1821 1932 1855 non

90 1893 241 1945 novit.
316 1894 470 1956 Quod
506 1909 624 1943 vero
662 1894 727 1943 ad
766 1903 1074 1943 sacramenta
1113 1895 1302 1954 attinet,
1344 1892 1394 1942 in
1431 1893 1598 1942 formis
1634 1892 1936 1957 imperativis

90 1982 406 2032 recensendis
432 1979 639 2030 Domini
664 1980 816 2031 nostri
855 1983 1015 2031 verbis
1052 1980 1263 2044 primum
1301 1983 1470 2031 locum
1514 1982 1714 2042 dabant,
1742 1998 1845 2031 non
1870 1998 1932 2032 ex

90 2071 362 2121 reverentia
402 2079 595 2120 tantum
636 2071 723 2119 sed
765 2072 882 2133 quia
920 2087 980 2120 eo
1020 2079 1243 2134 tempore
1283 2072 1405 2120 haec
1449 2072 1596 2121 verba
1643 2087 1733 2134 pro
1779 2073 1936 2121 forma

90 2157 365 2208 necessaria
411 2159 559 2222 vulgo
603 2159 932 2208 crederentur.
1024 2160 1223 2209 Deinde
1262 2160 1430 2208 omnia
1465 2163 1934 2209 “sacramentorum

90 2247 319 2311 mysteria
342 2244 614 2310 antiquitus
634 2246 882 2296 instituta''
909 2247 984 2309 (ut
1010 2248 1376 2297 sacramentarii
1399 2247 1551 2297 nostri
1576 2246 1752 2298 veteris
1771 2249 1933 2298 verbis

90 2343 318 2395 utamur,-
359 2332 474 2383 vide
498 2350 605 2397 cap.
634 2334 755 2398 x114)
793 2334 1133 2384 sacerdotibus
1163 2334 1341 2385 nostris
1367 2337 1802 2395 commendabant,
1829 2352 1931 2386 non

89 2423 234 2472 unius
282 2431 476 2472 tantum
522 2431 730 2485 partem,
773 2422 880 2472 aliis
927 2423 1238 2487 posthabitiS‚
1288 2425 1601 2474 extollebant.
1700 2423 1933 2488 Denique

86 2513 313 2571 formam,
325 2526 452 2574 quae
468 2511 804 2561 characterem
824 2511 1075 2575 imprimit,
1090 2528 1205 2562 cum
1222 2514 1381 2562 forma
1397 2528 1525 2575 quae
1542 2511 1931 2564 iurisdictionem

87 2599 293 2658 confert,
321 2614 422 2648 una
440 2599 767 2649 collocabant.

159 2687 225 2735 Et
249 2687 299 2734 in
323 2685 401 2735 his
425 2695 474 2736 et
498 2685 755 2747 similibuS,
784 2703 912 2750 quae
954 2689 1159 2752 longum
1187 2697 1317 2738 esset
1354 2704 1623 2750 recensere,
1651 2692 1930 2754 exemplum

91 2772 300 2824 Domini
346 2773 501 2824 nostri
543 2783 591 2824 et
638 2777 996 2838 Apostolorum
1040 2775 1146 2826 sine
1194 2776 1351 2827 dubio
1390 2779 1737 2841 sequebantur.
1811 2780 1930 2830 Non

88 2861 223 2913 enim
264 2863 426 2913 solum
465 2861 645 2913 dixisse
687 2874 989 2914 memoratur
1032 2865 1281 2915 Dominus
1328 2870 1356 2891 “
1378 2867 1496 2915 Hoc
1521 2867 1666 2916 facite
1690 2866 1741 2916 in
1766 2883 1930 2919 meam

89 2949 642 3002 commemorationem''
682 2960 730 3000 et
780 2954 808 2976 “
830 2944 1020 3002 Euntes
1056 2968 1173 3017 ergo
1198 2954 1376 3002 docete
1402 2969 1576 3003 omnes
1616 2964 1789 3017 gentes
1813 2957 1931 3020 bap-

86 3037 293 3089 tizantes
318 3040 574 3100 eOS,''—ut
598 3042 689 3090 rite
713 3039 1039 3100 ministranda
1081 3050 1390 3090 sacramenta
1415 3042 1631 3100 doceret,
1647 3025 1748 3093 'sed
1774 3046 1930 3094 multa

86 3137 136 3178 et
177 3130 520 3178 observatione
545 3127 835 3192 dignissima
875 3130 939 3179 de
966 3131 1198 3192 pastorali
1225 3128 1404 3190 officio,
1433 3138 1483 3178 et
1508 3146 1612 3190 su0,
1641 3133 1726 3194 qui
1753 3134 1927 3182 Pastor

90 3215 254 3266 bonus
281 3226 366 3277 est,
393 3225 442 3266 et
467 3218 823 3280 discipulorum
849 3213 1048 3267 suorum
1075 3217 1159 3280 qui
1185 3218 1413 3280 exemplo
1441 3219 1579 3267 Illius
1606 3219 1780 3268 moniti
1806 3223 1928 3271 vitas

87 3319 200 3353 suas
219 3319 404 3367 ponere
418 3319 508 3367 pro
527 3306 754 3354 fratribus
772 3306 969 3356 debent.
1034 3307 1242 3370 (Confer
1269 3305 1594 3368 Evangelium
1615 3309 1663 3357 S.
1682 3309 1926 3370 Johannis

87 3408 118 3440 x
147 3393 342 3439 11—18
368 3398 417 3439 et
448 3408 467 3438 1
500 3392 589 3453 Ep.
619 3393 735 3454 Joh.
761 3391 813 3441 iii
844 3394 941 3453 16).
1020 3393 1182 3440 Multa
1215 3408 1415 3454 quoque
1451 3392 1502 3441 in
1539 3395 1812 3458 Evangelio
1837 3405 1927 3447 tra-

86 3477 212 3527 didit
236 3479 301 3528 de
325 3479 697 3541 praedicatione
722 3480 875 3540 verbi,
904 3482 969 3530 de
994 3480 1368 3544 dispensatione
1404 3482 1555 3531 servis
1591 3482 1762 3533 electis
1797 3500 1930 3534 com-

83 3566 250 3626 missa,
287 3567 351 3615 de
391 3566 629 3616 missione
675 3570 1033 3630 Apostolorum
1083 3579 1132 3618 et
1171 3568 1528 3632 discipulorum
1567 3587 1656 3620 suo
1691 3573 1819 3635 loco,
1865 3576 1930 3626 de

938 3650 969 3683 c
