<?xml version="1.0" encoding="UTF-8"?>
<!DOCTYPE html PUBLIC "-//W3C//DTD XHTML 1.0 Transitional//EN"
    "http://www.w3.org/TR/xhtml1/DTD/xhtml1-transitional.dtd">
<html xmlns="http://www.w3.org/1999/xhtml" xml:lang="en" lang="en">
 <head>
  <title>
</title>
<meta http-equiv="Content-Type" content="text/html;charset=utf-8" />
  <meta name='ocr-system' content='tesseract 3.04.00' />
  <meta name='ocr-capabilities' content='ocr_page ocr_carea ocr_par ocr_line ocrx_word'/>
</head>
<body>
  <div class='ocr_page' id='page_1' title='image "a618709801churuoft_0007.png"; bbox 0 0 2216 3964; ppageno 0'>
   <div class='ocr_carea' id='block_1_1' title="bbox 568 981 1492 1033">
    <p class='ocr_par' dir='ltr' id='par_1_1' title="bbox 568 981 1492 1033">
     <span class='ocr_line' id='line_1_1' title="bbox 568 981 1492 1033; baseline -0.002 -2"><span class='ocrx_word' id='word_1_1' title='bbox 568 985 1033 1033; x_wconf 93' lang='lat' dir='ltr'>BREVIARIUM</span> <span class='ocrx_word' id='word_1_2' title='bbox 1082 981 1492 1032; x_wconf 90' lang='lat' dir='ltr'>EPISTULAE.</span> 
     </span>
    </p>
   </div>
   <div class='ocr_carea' id='block_1_2' title="bbox 256 1184 1819 1341">
    <p class='ocr_par' dir='ltr' id='par_1_2' title="bbox 256 1184 1819 1341">
     <span class='ocr_line' id='line_1_2' title="bbox 256 1184 1819 1252; baseline -0.002 -14"><span class='ocrx_word' id='word_1_3' title='bbox 256 1190 295 1238; x_wconf 91' lang='grc' dir='ltr'>Ι.</span> <span class='ocrx_word' id='word_1_4' title='bbox 337 1190 684 1239; x_wconf 86' lang='lat' dir='ltr'>Controversia</span> <span class='ocrx_word' id='word_1_5' title='bbox 725 1191 848 1239; x_wconf 87' lang='lat' dir='ltr'>haec</span> <span class='ocrx_word' id='word_1_6' title='bbox 890 1189 1149 1252; x_wconf 89' lang='lat' dir='ltr'>quomodo</span> <span class='ocrx_word' id='word_1_7' title='bbox 1174 1204 1203 1237; x_wconf 89' lang='lat' dir='ltr'>a</span> <span class='ocrx_word' id='word_1_8' title='bbox 1226 1187 1399 1237; x_wconf 91' lang='lat' dir='ltr'>litteris</span> <span class='ocrx_word' id='word_1_9' title='bbox 1442 1188 1609 1250; x_wconf 85' lang='lat' dir='ltr'>Papae</span> <span class='ocrx_word' id='word_1_10' title='bbox 1635 1184 1819 1236; x_wconf 89' lang='lat' dir='ltr'>Leonis</span> 
     </span>
     <span class='ocr_line' id='line_1_3' title="bbox 409 1274 1705 1341; baseline -0.003 -14"><span class='ocrx_word' id='word_1_11' title='bbox 409 1277 610 1339; x_wconf 86' lang='lat' dir='ltr'>(Idibus</span> <span class='ocrx_word' id='word_1_12' title='bbox 637 1277 1008 1341; x_wconf 86' lang='lat' dir='ltr'>Septembribus</span> <span class='ocrx_word' id='word_1_13' title='bbox 1033 1278 1152 1326; x_wconf 85' lang='lat' dir='ltr'>anni</span> <span class='ocrx_word' id='word_1_14' title='bbox 1183 1279 1308 1339; x_wconf 92' lang='lat'>1896</span> <span class='ocrx_word' id='word_1_15' title='bbox 1335 1274 1487 1338; x_wconf 90' lang='lat' dir='ltr'>datis)</span> <span class='ocrx_word' id='word_1_16' title='bbox 1511 1283 1617 1324; x_wconf 89' lang='lat' dir='ltr'>orta</span> <span class='ocrx_word' id='word_1_17' title='bbox 1638 1274 1705 1323; x_wconf 87' lang='lat' dir='ltr'>sit</span> 
     </span>
    </p>
   </div>
   <div class='ocr_carea' id='block_1_3' title="bbox 233 1386 1818 1451">
    <p class='ocr_par' dir='ltr' id='par_1_3' title="bbox 233 1386 1818 1451">
     <span class='ocr_line' id='line_1_4' title="bbox 233 1386 1818 1451; baseline -0.001 -15"><span class='ocrx_word' id='word_1_18' title='bbox 233 1388 303 1437; x_wconf 92' lang='lat' dir='ltr'>II.</span> <span class='ocrx_word' id='word_1_19' title='bbox 345 1389 665 1451; x_wconf 88' lang='lat' dir='ltr'>Propositum</span> <span class='ocrx_word' id='word_1_20' title='bbox 685 1396 911 1437; x_wconf 91' lang='lat' dir='ltr'>nostrum</span> <span class='ocrx_word' id='word_1_21' title='bbox 929 1389 977 1436; x_wconf 90' lang='lat' dir='ltr'>in</span> <span class='ocrx_word' id='word_1_22' title='bbox 995 1387 1090 1436; x_wconf 86' lang='lat' dir='ltr'>hac</span> <span class='ocrx_word' id='word_1_23' title='bbox 1108 1388 1434 1450; x_wconf 89' lang='lat' dir='ltr'>responsione</span> <span class='ocrx_word' id='word_1_24' title='bbox 1454 1386 1818 1435; x_wconf 86' lang='lat' dir='ltr'>conscribenda</span> 
     </span>
    </p>
   </div>
   <div class='ocr_carea' id='block_1_4' title="bbox 206 1505 1821 1822">
    <p class='ocr_par' dir='ltr' id='par_1_4' title="bbox 206 1505 1821 1822">
     <span class='ocr_line' id='line_1_5' title="bbox 206 1505 1819 1557; baseline -0.001 -2"><span class='ocrx_word' id='word_1_25' title='bbox 206 1507 304 1555; x_wconf 93' lang='grc' dir='ltr'><strong>ΙΙΙ.</strong></span> <span class='ocrx_word' id='word_1_26' title='bbox 345 1507 727 1557; x_wconf 88' lang='lat' dir='ltr'>Controversiae</span> <span class='ocrx_word' id='word_1_27' title='bbox 772 1507 837 1555; x_wconf 89' lang='lat' dir='ltr'>de</span> <span class='ocrx_word' id='word_1_28' title='bbox 884 1507 1087 1556; x_wconf 89' lang='lat' dir='ltr'>materia</span> <span class='ocrx_word' id='word_1_29' title='bbox 1136 1515 1185 1555; x_wconf 90' lang='lat' dir='ltr'>et</span> <span class='ocrx_word' id='word_1_30' title='bbox 1221 1508 1380 1555; x_wconf 83' lang='lat' dir='ltr'>forma</span> <span class='ocrx_word' id='word_1_31' title='bbox 1426 1505 1615 1556; x_wconf 87' lang='lat' dir='ltr'>ordinis</span> <span class='ocrx_word' id='word_1_32' title='bbox 1662 1514 1712 1555; x_wconf 91' lang='lat' dir='ltr'>et</span> <span class='ocrx_word' id='word_1_33' title='bbox 1754 1505 1819 1554; x_wconf 91' lang='lat' dir='ltr'>de</span> 
     </span>
     <span class='ocr_line' id='line_1_6' title="bbox 409 1593 1818 1644; baseline -0.001 0"><span class='ocrx_word' id='word_1_34' title='bbox 409 1593 805 1644; x_wconf 87' lang='lat' dir='ltr'>ordinationibus</span> <span class='ocrx_word' id='word_1_35' title='bbox 831 1596 1011 1644; x_wconf 90' lang='lat' dir='ltr'>nostris</span> <span class='ocrx_word' id='word_1_36' title='bbox 1037 1611 1138 1644; x_wconf 92' lang='lat' dir='ltr'>non</span> <span class='ocrx_word' id='word_1_37' title='bbox 1165 1611 1324 1644; x_wconf 88' lang='lat' dir='ltr'>novae</span> <span class='ocrx_word' id='word_1_38' title='bbox 1350 1604 1478 1644; x_wconf 90' lang='lat' dir='ltr'>sunt.</span> <span class='ocrx_word' id='word_1_39' title='bbox 1551 1594 1651 1644; x_wconf 91' lang='lat' dir='ltr'>Sed</span> <span class='ocrx_word' id='word_1_40' title='bbox 1677 1610 1818 1644; x_wconf 90' lang='lat' dir='ltr'>mens</span> 
     </span>
     <span class='ocr_line' id='line_1_7' title="bbox 410 1681 1821 1747; baseline 0.001 -17"><span class='ocrx_word' id='word_1_41' title='bbox 410 1681 711 1732; x_wconf 90' lang='lat' dir='ltr'>Pontificum</span> <span class='ocrx_word' id='word_1_42' title='bbox 771 1685 1115 1732; x_wconf 88' lang='lat' dir='ltr'>Romanorum</span> <span class='ocrx_word' id='word_1_43' title='bbox 1174 1683 1237 1733; x_wconf 90' lang='lat' dir='ltr'>de</span> <span class='ocrx_word' id='word_1_44' title='bbox 1291 1682 1367 1732; x_wconf 90' lang='lat' dir='ltr'>his</span> <span class='ocrx_word' id='word_1_45' title='bbox 1416 1684 1563 1733; x_wconf 89' lang='lat' dir='ltr'>rebus</span> <span class='ocrx_word' id='word_1_46' title='bbox 1623 1698 1821 1747; x_wconf 90' lang='lat' dir='ltr'>semper</span> 
     </span>
     <span class='ocr_line' id='line_1_8' title="bbox 410 1774 1154 1822; baseline -0.001 -1"><span class='ocrx_word' id='word_1_47' title='bbox 410 1774 597 1822; x_wconf 89' lang='lat' dir='ltr'>incerta</span> <span class='ocrx_word' id='word_1_48' title='bbox 621 1774 714 1821; x_wconf 89' lang='lat' dir='ltr'>fuit</span> <span class='ocrx_word' id='word_1_49' title='bbox 1151 1781 1154 1783; x_wconf 73' lang='grc'><strong>’</strong></span> 
     </span>
    </p>
   </div>
   <div class='ocr_carea' id='block_1_5' title="bbox 215 1880 1819 2020">
    <p class='ocr_par' dir='ltr' id='par_1_5' title="bbox 215 1880 1819 2020">
     <span class='ocr_line' id='line_1_9' title="bbox 215 1880 1819 1944; baseline -0.001 -14"><span class='ocrx_word' id='word_1_50' title='bbox 215 1883 304 1931; x_wconf 86' lang='lat' dir='ltr'>IV.</span> <span class='ocrx_word' id='word_1_51' title='bbox 345 1882 450 1931; x_wconf 92' lang='lat' dir='ltr'>Leo</span> <span class='ocrx_word' id='word_1_52' title='bbox 486 1883 623 1944; x_wconf 92' lang='lat' dir='ltr'>Papa</span> <span class='ocrx_word' id='word_1_53' title='bbox 659 1883 709 1931; x_wconf 90' lang='lat' dir='ltr'>in</span> <span class='ocrx_word' id='word_1_54' title='bbox 751 1882 844 1931; x_wconf 91' lang='lat' dir='ltr'>hac</span> <span class='ocrx_word' id='word_1_55' title='bbox 879 1880 1215 1932; x_wconf 90' lang='lat' dir='ltr'>controversia</span> <span class='ocrx_word' id='word_1_56' title='bbox 1246 1882 1465 1931; x_wconf 91' lang='lat' dir='ltr'>ineunda</span> <span class='ocrx_word' id='word_1_57' title='bbox 1501 1881 1656 1930; x_wconf 89' lang='lat' dir='ltr'>multa</span> <span class='ocrx_word' id='word_1_58' title='bbox 1690 1882 1819 1931; x_wconf 90' lang='lat' dir='ltr'>bene</span> 
     </span>
     <span class='ocr_line' id='line_1_10' title="bbox 409 1979 622 2020; baseline -0.005 -1"><span class='ocrx_word' id='word_1_59' title='bbox 409 1979 622 2020; x_wconf 89' lang='lat' dir='ltr'>resecu1t</span> 
     </span>
    </p>
   </div>
   <div class='ocr_carea' id='block_1_6' title="bbox 242 2067 1818 2245">
    <p class='ocr_par' dir='ltr' id='par_1_6' title="bbox 242 2067 1818 2245">
     <span class='ocr_line' id='line_1_11' title="bbox 242 2067 1818 2145; baseline 0.001 -15"><span class='ocrx_word' id='word_1_60' title='bbox 242 2083 303 2131; x_wconf 91' lang='lat' dir='ltr'>V.</span> <span class='ocrx_word' id='word_1_61' title='bbox 345 2083 425 2131; x_wconf 91' lang='lat' dir='ltr'>De</span> <span class='ocrx_word' id='word_1_62' title='bbox 459 2081 600 2145; x_wconf 82' lang='lat' dir='ltr'>praxi</span> <span class='ocrx_word' id='word_1_63' title='bbox 626 2080 806 2132; x_wconf 92' lang='lat' dir='ltr'>Curiae</span> <span class='ocrx_word' id='word_1_64' title='bbox 833 2084 1094 2132; x_wconf 88' lang='lat' dir='ltr'>Romanae</span> <span class='ocrx_word' id='word_1_65' title='bbox 1130 2084 1294 2132; x_wconf 89' lang='lat' dir='ltr'>solum</span> <span class='ocrx_word' id='word_1_66' title='bbox 1323 2092 1371 2132; x_wconf 91' lang='lat' dir='ltr'>et</span> <span class='ocrx_word' id='word_1_67' title='bbox 1398 2084 1461 2132; x_wconf 90' lang='lat' dir='ltr'>de</span> <span class='ocrx_word' id='word_1_68' title='bbox 1486 2067 1646 2132; x_wconf 84' lang='lat' dir='ltr'>forma</span> <span class='ocrx_word' id='word_1_69' title='bbox 1670 2091 1719 2133; x_wconf 89' lang='lat' dir='ltr'>et</span> <span class='ocrx_word' id='word_1_70' title='bbox 1745 2084 1818 2132; x_wconf 91' lang='lat' dir='ltr'>in-</span> 
     </span>
     <span class='ocr_line' id='line_1_12' title="bbox 411 2159 1506 2245; baseline -0.002 -26"><span class='ocrx_word' id='word_1_71' title='bbox 411 2169 636 2221; x_wconf 90' lang='lat' dir='ltr'>tentione</span> <span class='ocrx_word' id='word_1_72' title='bbox 661 2159 904 2220; x_wconf 77' lang='lat' dir='ltr'>eeclesiae</span> <span class='ocrx_word' id='word_1_73' title='bbox 929 2180 1128 2221; x_wconf 89' lang='lat' dir='ltr'>nostrae</span> <span class='ocrx_word' id='word_1_74' title='bbox 1153 2171 1373 2245; x_wconf 81' lang='lat' dir='ltr'>disputat</span> <span class='ocrx_word' id='word_1_75' title='bbox 1401 2173 1506 2221; x_wconf 91' lang='lat' dir='ltr'>Leo</span> 
     </span>
    </p>
   </div>
   <div class='ocr_carea' id='block_1_7' title="bbox 209 2281 1818 2864">
    <p class='ocr_par' dir='ltr' id='par_1_7' title="bbox 209 2281 1818 2864">
     <span class='ocr_line' id='line_1_13' title="bbox 209 2281 1818 2346; baseline 0.001 -17"><span class='ocrx_word' id='word_1_76' title='bbox 209 2282 303 2332; x_wconf 90' lang='lat' dir='ltr'>VI.</span> <span class='ocrx_word' id='word_1_77' title='bbox 343 2282 422 2331; x_wconf 89' lang='lat' dir='ltr'>De</span> <span class='ocrx_word' id='word_1_78' title='bbox 482 2281 631 2344; x_wconf 87' lang='lat' dir='ltr'>praxi,</span> <span class='ocrx_word' id='word_1_79' title='bbox 681 2281 963 2344; x_wconf 87' lang='lat' dir='ltr'>Reginaldo</span> <span class='ocrx_word' id='word_1_80' title='bbox 1013 2282 1137 2331; x_wconf 92' lang='lat' dir='ltr'>Polo</span> <span class='ocrx_word' id='word_1_81' title='bbox 1189 2283 1366 2346; x_wconf 75' lang='lat' dir='ltr'>legato,</span> <span class='ocrx_word' id='word_1_82' title='bbox 1454 2281 1818 2332; x_wconf 88' lang='lat' dir='ltr'>Reconciliatio</span> 
     </span>
     <span class='ocr_line' id='line_1_14' title="bbox 237 2370 1817 2434; baseline 0 -15"><span class='ocrx_word' id='word_1_83' title='bbox 237 2371 244 2374; x_wconf 77' lang='grc'>”</span> <span class='ocrx_word' id='word_1_84' title='bbox 409 2379 523 2420; x_wconf 91' lang='lat' dir='ltr'>ante</span> <span class='ocrx_word' id='word_1_85' title='bbox 565 2370 833 2420; x_wconf 90' lang='lat' dir='ltr'>adventum</span> <span class='ocrx_word' id='word_1_86' title='bbox 878 2370 986 2420; x_wconf 89' lang='lat' dir='ltr'>Poli</span> <span class='ocrx_word' id='word_1_87' title='bbox 1027 2386 1186 2434; x_wconf 90' lang='lat' dir='ltr'>paene</span> <span class='ocrx_word' id='word_1_88' title='bbox 1227 2372 1455 2420; x_wconf 88' lang='lat' dir='ltr'>absoluta</span> <span class='ocrx_word' id='word_1_89' title='bbox 1496 2379 1585 2431; x_wconf 91' lang='lat' dir='ltr'>est,</span> <span class='ocrx_word' id='word_1_90' title='bbox 1612 2381 1662 2422; x_wconf 93' lang='lat' dir='ltr'>et</span> <span class='ocrx_word' id='word_1_91' title='bbox 1695 2371 1817 2419; x_wconf 91' lang='lat' dir='ltr'>nulli</span> 
     </span>
     <span class='ocr_line' id='line_1_15' title="bbox 409 2459 1816 2523; baseline 0.001 -15"><span class='ocrx_word' id='word_1_92' title='bbox 409 2459 678 2523; x_wconf 90' lang='lat' dir='ltr'>presbyteri</span> <span class='ocrx_word' id='word_1_93' title='bbox 725 2461 791 2508; x_wconf 94' lang='lat' dir='ltr'>ob</span> <span class='ocrx_word' id='word_1_94' title='bbox 833 2460 1083 2510; x_wconf 87' lang='lat' dir='ltr'>defectum</span> <span class='ocrx_word' id='word_1_95' title='bbox 1126 2459 1314 2510; x_wconf 88' lang='lat' dir='ltr'>ordinis</span> <span class='ocrx_word' id='word_1_96' title='bbox 1357 2459 1594 2509; x_wconf 87' lang='lat' dir='ltr'>destituti.</span> <span class='ocrx_word' id='word_1_97' title='bbox 1669 2462 1816 2510; x_wconf 91' lang='lat' dir='ltr'>Unus</span> 
     </span>
     <span class='ocr_line' id='line_1_16' title="bbox 408 2549 1818 2614; baseline 0.001 -17"><span class='ocrx_word' id='word_1_98' title='bbox 408 2551 573 2598; x_wconf 85' lang='lat' dir='ltr'>forsan</span> <span class='ocrx_word' id='word_1_99' title='bbox 621 2558 671 2599; x_wconf 89' lang='lat' dir='ltr'>et</span> <span class='ocrx_word' id='word_1_100' title='bbox 717 2550 839 2598; x_wconf 90' lang='lat' dir='ltr'>alter</span> <span class='ocrx_word' id='word_1_101' title='bbox 887 2551 978 2598; x_wconf 91' lang='lat' dir='ltr'>sub</span> <span class='ocrx_word' id='word_1_102' title='bbox 1022 2566 1083 2599; x_wconf 88' lang='lat' dir='ltr'>eo</span> <span class='ocrx_word' id='word_1_103' title='bbox 1141 2549 1423 2599; x_wconf 88' lang='lat' dir='ltr'>reordinati.</span> <span class='ocrx_word' id='word_1_104' title='bbox 1498 2551 1652 2599; x_wconf 91' lang='lat' dir='ltr'>Porro</span> <span class='ocrx_word' id='word_1_105' title='bbox 1709 2565 1818 2614; x_wconf 91' lang='lat' dir='ltr'>pro—</span> 
     </span>
     <span class='ocr_line' id='line_1_17' title="bbox 409 2637 1818 2703; baseline 0.001 -16"><span class='ocrx_word' id='word_1_106' title='bbox 409 2638 552 2687; x_wconf 90' lang='lat' dir='ltr'>batur</span> <span class='ocrx_word' id='word_1_107' title='bbox 588 2639 767 2687; x_wconf 86' lang='lat' dir='ltr'>Polum</span> <span class='ocrx_word' id='word_1_108' title='bbox 801 2655 1102 2702; x_wconf 87' lang='lat' dir='ltr'>propagasse</span> <span class='ocrx_word' id='word_1_109' title='bbox 1142 2638 1387 2703; x_wconf 87' lang='lat' dir='ltr'>principia</span> <span class='ocrx_word' id='word_1_110' title='bbox 1425 2637 1638 2703; x_wconf 90' lang='lat' dir='ltr'>Eugenii</span> <span class='ocrx_word' id='word_1_111' title='bbox 1671 2640 1748 2688; x_wconf 93' lang='lat' dir='ltr'>IV</span> <span class='ocrx_word' id='word_1_112' title='bbox 1789 2655 1818 2688; x_wconf 92' lang='lat' dir='ltr'>a</span> 
     </span>
     <span class='ocr_line' id='line_1_18' title="bbox 410 2726 1816 2791; baseline 0.001 -17"><span class='ocrx_word' id='word_1_113' title='bbox 410 2728 582 2776; x_wconf 88' lang='lat' dir='ltr'>Leone</span> <span class='ocrx_word' id='word_1_114' title='bbox 630 2726 768 2775; x_wconf 93' lang='lat' dir='ltr'>XIII</span> <span class='ocrx_word' id='word_1_115' title='bbox 817 2728 1016 2776; x_wconf 88' lang='lat' dir='ltr'>reiecta.</span> <span class='ocrx_word' id='word_1_116' title='bbox 1090 2727 1188 2776; x_wconf 92' lang='lat' dir='ltr'>Sed</span> <span class='ocrx_word' id='word_1_117' title='bbox 1230 2726 1390 2791; x_wconf 87' lang='lat' dir='ltr'>praxis</span> <span class='ocrx_word' id='word_1_118' title='bbox 1427 2743 1542 2776; x_wconf 87' lang='lat' dir='ltr'>curn</span> <span class='ocrx_word' id='word_1_119' title='bbox 1579 2726 1816 2791; x_wconf 92' lang='lat' dir='ltr'>opinione</span> 
     </span>
     <span class='ocr_line' id='line_1_19' title="bbox 407 2814 762 2864; baseline -0.003 0"><span class='ocrx_word' id='word_1_120' title='bbox 407 2814 488 2864; x_wconf 87' lang='lat' dir='ltr'>vix</span> <span class='ocrx_word' id='word_1_121' title='bbox 511 2815 762 2864; x_wconf 85' lang='lat' dir='ltr'>consensit</span> 
     </span>
    </p>
   </div>
   <div class='ocr_carea' id='block_1_8' title="bbox 183 2934 1817 3163">
    <p class='ocr_par' dir='ltr' id='par_1_8' title="bbox 183 2934 1817 3163">
     <span class='ocr_line' id='line_1_20' title="bbox 183 2934 1817 3000; baseline -0.002 -13"><span class='ocrx_word' id='word_1_122' title='bbox 183 2939 306 2987; x_wconf 87' lang='lat' dir='ltr'>VII.</span> <span class='ocrx_word' id='word_1_123' title='bbox 349 2939 428 2986; x_wconf 93' lang='lat' dir='ltr'>De</span> <span class='ocrx_word' id='word_1_124' title='bbox 451 2934 588 3000; x_wconf 89' lang='lat' dir='ltr'>praxi</span> <span class='ocrx_word' id='word_1_125' title='bbox 610 2936 662 2984; x_wconf 92' lang='lat' dir='ltr'>in</span> <span class='ocrx_word' id='word_1_126' title='bbox 686 2951 835 2984; x_wconf 91' lang='lat' dir='ltr'>causa</span> <span class='ocrx_word' id='word_1_127' title='bbox 862 2937 1103 2986; x_wconf 88' lang='lat' dir='ltr'>Iohannis</span> <span class='ocrx_word' id='word_1_128' title='bbox 1121 2937 1345 2996; x_wconf 84' lang='lat' dir='ltr'>Gordon,</span> <span class='ocrx_word' id='word_1_129' title='bbox 1366 2948 1496 2999; x_wconf 86' lang='lat' dir='ltr'>quae</span> <span class='ocrx_word' id='word_1_130' title='bbox 1520 2951 1580 2986; x_wconf 89' lang='lat' dir='ltr'>ex</span> <span class='ocrx_word' id='word_1_131' title='bbox 1603 2944 1817 2999; x_wconf 88' lang='lat' dir='ltr'>quatuor</span> 
     </span>
     <span class='ocr_line' id='line_1_21' title="bbox 407 3022 1814 3088; baseline -0.001 -15"><span class='ocrx_word' id='word_1_132' title='bbox 407 3025 682 3074; x_wconf 89' lang='lat' dir='ltr'>rationibus</span> <span class='ocrx_word' id='word_1_133' title='bbox 720 3025 1007 3074; x_wconf 88' lang='lat' dir='ltr'>infirmatur.</span> <span class='ocrx_word' id='word_1_134' title='bbox 1083 3026 1403 3074; x_wconf 87' lang='lat' dir='ltr'>Documenta</span> <span class='ocrx_word' id='word_1_135' title='bbox 1447 3040 1579 3074; x_wconf 89' lang='lat' dir='ltr'>nova</span> <span class='ocrx_word' id='word_1_136' title='bbox 1625 3022 1814 3088; x_wconf 88' lang='lat' dir='ltr'>publici</span> 
     </span>
     <span class='ocr_line' id='line_1_22' title="bbox 407 3112 867 3163; baseline -0.007 -1"><span class='ocrx_word' id='word_1_137' title='bbox 407 3112 525 3163; x_wconf 90' lang='lat' dir='ltr'>iuris</span> <span class='ocrx_word' id='word_1_138' title='bbox 548 3112 654 3163; x_wconf 90' lang='lat' dir='ltr'>fieri</span> <span class='ocrx_word' id='word_1_139' title='bbox 679 3114 867 3163; x_wconf 88' lang='lat' dir='ltr'>debent</span> 
     </span>
    </p>
   </div>
   <div class='ocr_carea' id='block_1_9' title="bbox 146 3221 1814 3552">
    <p class='ocr_par' dir='ltr' id='par_1_9' title="bbox 146 3221 1814 3552">
     <span class='ocr_line' id='line_1_23' title="bbox 146 3221 1814 3283; baseline -0.003 -10"><span class='ocrx_word' id='word_1_140' title='bbox 146 3226 296 3273; x_wconf 87' lang='lat' dir='ltr'>VIII.</span> <span class='ocrx_word' id='word_1_141' title='bbox 338 3226 418 3273; x_wconf 91' lang='lat' dir='ltr'>De</span> <span class='ocrx_word' id='word_1_142' title='bbox 459 3221 678 3283; x_wconf 90' lang='lat' dir='ltr'>materia,</span> <span class='ocrx_word' id='word_1_143' title='bbox 702 3223 862 3272; x_wconf 89' lang='lat' dir='ltr'>forma</span> <span class='ocrx_word' id='word_1_144' title='bbox 895 3221 948 3272; x_wconf 79' lang='lat' dir='ltr'>¹et</span> <span class='ocrx_word' id='word_1_145' title='bbox 989 3222 1266 3272; x_wconf 90' lang='lat' dir='ltr'>intentione</span> <span class='ocrx_word' id='word_1_146' title='bbox 1309 3224 1359 3270; x_wconf 89' lang='lat' dir='ltr'>in</span> <span class='ocrx_word' id='word_1_147' title='bbox 1402 3221 1663 3271; x_wconf 90' lang='lat' dir='ltr'>ordinibus</span> <span class='ocrx_word' id='word_1_148' title='bbox 1699 3236 1814 3268; x_wconf 91' lang='lat' dir='ltr'>con-</span> 
     </span>
     <span class='ocr_line' id='line_1_24' title="bbox 403 3309 1812 3374; baseline -0.001 -15"><span class='ocrx_word' id='word_1_149' title='bbox 403 3312 633 3372; x_wconf 82' lang='lat' dir='ltr'>ferendiS‚</span> <span class='ocrx_word' id='word_1_150' title='bbox 669 3313 846 3374; x_wconf 84' lang='lat' dir='ltr'>partim</span> <span class='ocrx_word' id='word_1_151' title='bbox 885 3327 1000 3360; x_wconf 90' lang='lat' dir='ltr'>curn</span> <span class='ocrx_word' id='word_1_152' title='bbox 1039 3314 1175 3374; x_wconf 87' lang='lat' dir='ltr'>Papa</span> <span class='ocrx_word' id='word_1_153' title='bbox 1212 3311 1566 3368; x_wconf 81' lang='lat' dir='ltr'>consentimuS‚</span> <span class='ocrx_word' id='word_1_154' title='bbox 1613 3309 1701 3357; x_wconf 89' lang='lat' dir='ltr'>sed</span> <span class='ocrx_word' id='word_1_155' title='bbox 1749 3309 1812 3357; x_wconf 92' lang='lat' dir='ltr'>de</span> 
     </span>
     <span class='ocr_line' id='line_1_25' title="bbox 403 3398 1812 3463; baseline -0.004 -14"><span class='ocrx_word' id='word_1_156' title='bbox 403 3402 683 3449; x_wconf 86' lang='lat' dir='ltr'>intentione</span> <span class='ocrx_word' id='word_1_157' title='bbox 723 3403 1018 3463; x_wconf 90' lang='lat' dir='ltr'>“quatenus</span> <span class='ocrx_word' id='word_1_158' title='bbox 1053 3409 1188 3449; x_wconf 88' lang='lat' dir='ltr'>extra</span> <span class='ocrx_word' id='word_1_159' title='bbox 1223 3398 1493 3461; x_wconf 88' lang='lat' dir='ltr'>proditur,&#39;&#39;</span> <span class='ocrx_word' id='word_1_160' title='bbox 1539 3411 1643 3444; x_wconf 92' lang='lat' dir='ltr'>non</span> <span class='ocrx_word' id='word_1_161' title='bbox 1684 3403 1812 3458; x_wconf 86' lang='lat' dir='ltr'>quae</span> 
     </span>
     <span class='ocr_line' id='line_1_26' title="bbox 406 3482 1812 3552; baseline -0.004 -16"><span class='ocrx_word' id='word_1_162' title='bbox 406 3490 691 3538; x_wconf 88' lang='lat' dir='ltr'>coniectura</span> <span class='ocrx_word' id='word_1_163' title='bbox 705 3487 965 3552; x_wconf 87' lang='lat' dir='ltr'>colligatur</span> <span class='ocrx_word' id='word_1_164' title='bbox 980 3504 1039 3537; x_wconf 86' lang='lat' dir='ltr'>ex</span> <span class='ocrx_word' id='word_1_165' title='bbox 1058 3503 1151 3535; x_wconf 91' lang='lat' dir='ltr'>usu</span> <span class='ocrx_word' id='word_1_166' title='bbox 1166 3485 1409 3535; x_wconf 88' lang='lat' dir='ltr'>libertatis</span> <span class='ocrx_word' id='word_1_167' title='bbox 1424 3486 1475 3532; x_wconf 89' lang='lat' dir='ltr'>in</span> <span class='ocrx_word' id='word_1_168' title='bbox 1488 3482 1812 3533; x_wconf 91' lang='lat' dir='ltr'>Ordinalibus</span> 
     </span>
    </p>
   </div>
   <div class='ocr_carea' id='block_1_10' title="bbox 404 3575 1707 3692">
    <p class='ocr_par' dir='ltr' id='par_1_10' title="bbox 404 3575 1805 3692">
     <span class='ocr_line' id='line_1_27' title="bbox 404 3575 1707 3642; baseline -0.002 -16"><span class='ocrx_word' id='word_1_169' title='bbox 404 3580 730 3628; x_wconf 89' lang='lat' dir='ltr'>reformandis</span> <span class='ocrx_word' id='word_1_170' title='bbox 749 3594 880 3642; x_wconf 90' lang='lat' dir='ltr'>quae</span> <span class='ocrx_word' id='word_1_171' title='bbox 897 3577 1438 3640; x_wconf 58' lang='lat' dir='ltr'>unicuique‘ecclesiae</span> <span class='ocrx_word' id='word_1_172' title='bbox 1463 3575 1707 3638; x_wconf 82' lang='lat' dir='ltr'>competit</span> 
     </span>
     <span class='ocr_line' id='line_1_28' title="bbox 935 3658 1021 3692; baseline 0 0"><span class='ocrx_word' id='word_1_173' title='bbox 935 3658 969 3692; x_wconf 81' lang='lat' dir='ltr'>A</span> <span class='ocrx_word' id='word_1_174' title='bbox 997 3661 1021 3692; x_wconf 83' lang='lat'><strong>2</strong></span> 
     </span>
    </p>
   </div>
   <div class='ocr_carea' id='block_1_11' title="bbox 1866 1141 1956 1165">
    <p class='ocr_par' dir='ltr' id='par_1_11' title="bbox 1866 1141 1956 1165">
     <span class='ocr_line' id='line_1_29' title="bbox 1866 1141 1956 1165; baseline 0 -1"><span class='ocrx_word' id='word_1_175' title='bbox 1866 1141 1956 1165; x_wconf 76' lang='lat' dir='ltr'><strong>PAG.</strong></span> 
     </span>
    </p>
   </div>
   <div class='ocr_carea' id='block_1_12' title="bbox 1799 2834 1950 2863">
    <p class='ocr_par' dir='ltr' id='par_1_12' title="bbox 1799 2834 1950 2863">
     <span class='ocr_line' id='line_1_30' title="bbox 1799 2834 1950 2863; baseline 0.013 -2"><span class='ocrx_word' id='word_1_176' title='bbox 1799 2851 1808 2861; x_wconf 90' lang='lat'><em>.</em></span> <span class='ocrx_word' id='word_1_177' title='bbox 1892 2834 1950 2863; x_wconf 88' lang='lat'>10</span> 
     </span>
    </p>
   </div>
   <div class='ocr_carea' id='block_1_13' title="bbox 1799 3129 1946 3159">
    <p class='ocr_par' dir='ltr' id='par_1_13' title="bbox 1799 3129 1946 3159">
     <span class='ocr_line' id='line_1_31' title="bbox 1799 3129 1946 3159; baseline -0.007 0"><span class='ocrx_word' id='word_1_178' title='bbox 1799 3150 1807 3159; x_wconf 90' lang='lat'><strong>.</strong></span> <span class='ocrx_word' id='word_1_179' title='bbox 1890 3129 1946 3159; x_wconf 92' lang='lat'>12</span> 
     </span>
    </p>
   </div>
   <div class='ocr_carea' id='block_1_14' title="bbox 1888 3593 1944 3637">
    <p class='ocr_par' dir='ltr' id='par_1_14' title="bbox 1888 3593 1944 3637">
     <span class='ocr_line' id='line_1_32' title="bbox 1888 3593 1944 3637; baseline 0 0"><span class='ocrx_word' id='word_1_180' title='bbox 1888 3593 1944 3637; x_wconf 90' lang='lat' dir='ltr'>I3</span> 
     </span>
    </p>
   </div>
  </div>
 </body>
</html>
