2216 3964
1105 310 1169 352 40

212 437 260 476 et
299 427 448 475 verba
489 428 551 474 ab
599 426 833 475 omnibus
874 425 1301 475 consecratoribus
1348 428 1540 489 prolata
1584 428 1827 476 dicuntur.
1901 429 2056 476 Porro

210 524 312 563 tam
338 515 655 577 neglegenter
678 514 860 562 collata
894 515 986 561 fuit
1008 514 1181 574 forma,
1209 523 1264 562 ut
1283 515 1502 576 gratiam
1527 530 1617 576 pro
1636 515 1851 576 gratiam
1875 516 1985 573 Dei,
2004 523 2054 564 et

213 616 307 648 non
342 601 469 648 enim
506 601 765 662 accepimus
805 616 895 663 pro
931 616 1026 649 non
1062 602 1189 649 enim
1225 602 1358 649 dedit
1390 602 1523 649 nobis
1548 602 1687 648 Deus
1712 602 1730 664 (
1739 618 1762 648 2
1790 599 1920 649 Tim.
1948 617 1977 648 1.
2009 614 2053 662 7,

211 688 489 736 secundum
529 689 575 736 S.
620 689 1014 750 Hieronymum)
1049 687 1314 736 substituta
1350 690 1461 738 sint.
1535 690 1645 738 Nec
1679 697 1862 748 tamen,
1900 690 2053 747 tertio,

211 790 326 823 cum
363 775 458 824 illis
497 774 648 835 libris,
695 790 789 824 nec
833 791 946 824 cum
992 777 1267 835 recentiori,
1314 774 1524 824 actionis
1571 774 1839 838 descriptio
1884 791 2055 824 revera

210 863 493 911 concordat.
602 864 863 925 Nusquam
913 865 1046 912 enim
1094 865 1145 911 in
1194 862 1517 914 Ordinalibus
1575 862 1754 912 nostris
1800 865 2054 926 impositio

208 965 447 998 manuum
489 949 790 998 “humeris''
822 949 1167 1013 praescribitur
1186 969 1200 1012 ;
1246 959 1296 1000 et
1331 952 1502 1010 multa,
1539 950 1667 1000 sicut
1701 952 2051 1013 praesentatio,

208 1053 430 1096 examen,
481 1039 695 1100 hymnus
756 1039 875 1086 Veni
911 1040 1125 1099 Creator,
1175 1037 1373 1087 silentio
1419 1046 1806 1101 praetereuntur.
1897 1039 2052 1100 Quod

207 1140 324 1174 vero
373 1126 423 1173 in
466 1127 734 1174 summario
790 1128 818 1150 “
838 1135 1013 1187 quarto
1030 1127 1054 1147 ''
1101 1126 1294 1185 dicitur,
1351 1127 1488 1174 nullo
1541 1128 1694 1175 modo
1740 1142 1912 1176 verum
1959 1134 2049 1175 est.

207 1214 330 1262 Post
396 1213 547 1262 verba
615 1212 749 1260 enim
802 1214 971 1274 Accipe
1035 1214 1277 1275 Spiritum
1346 1221 1561 1262 sanctum
1632 1230 1767 1276 e.q.s.
1829 1216 2054 1276 sequitur

205 1298 406 1347 traditio
466 1297 740 1346 Bibliorum
810 1314 1059 1347 sacrorum
1130 1315 1243 1348 cum
1314 1301 1471 1348 forma
1541 1301 1693 1349 altera
1761 1299 2053 1363 imperativa

206 1387 408 1435 Attende
446 1386 644 1445 lectioni,
696 1387 1029 1446 exhortationi,
1084 1392 1130 1433 et
1176 1387 1429 1445 doctrinae,
1478 1395 1571 1436 etc.
1668 1386 1868 1436 Deinde
1914 1403 2054 1436 sacra

205 1475 347 1526 Cena
405 1473 696 1523 celebratur.
781 1474 1016 1536 Denique
1067 1473 1212 1523 annis
1276 1488 1404 1537 1550
1452 1484 1500 1523 et
1563 1487 1687 1536 1552
1715 1534 1718 1538 ι
1751 1475 2052 1537 sequebatur

206 1571 402 1610 tantum
445 1562 604 1610 oratio
642 1577 742 1610 una
779 1562 962 1624 (Super
982 1562 1370 1624 huncfamulum
1395 1568 1866 1624 tuum‚quaesumus,
1892 1565 2052 1611 Pater

207 1650 492 1712 misericors)
520 1649 600 1698 cui
634 1665 767 1697 anno
798 1652 921 1697 1662
958 1651 1219 1698 subiuncta
1251 1659 1327 1698 est
1360 1651 1512 1699 altera
1550 1650 1794 1713 (Actiones
1835 1651 2048 1713 nostras)

206 1753 322 1785 cum
359 1735 710 1785 benedictione
735 1737 877 1798 (Pax
901 1737 1004 1784 Dei
1040 1754 1162 1799 quae
1207 1739 1500 1800 exsuperat).
1575 1739 1894 1787 “Pauculae’'
1928 1754 2048 1788 vero

207 1827 427 1887 “preces
463 1839 554 1887 pro
577 1826 837 1887 gratiarum
875 1824 1100 1873 actione''
1124 1840 1368 1887 nusquam
1395 1834 1523 1873 sunt.
1598 1827 1750 1874 Porro
1795 1824 2049 1874 “concio''

204 1914 256 1960 in
280 1913 415 1961 libris
447 1927 690 1960 annorum
733 1926 859 1975 1550
896 1922 946 1961 et
987 1930 1005 1960 1
1015 1927 1040 1975 5
1050 1926 1110 1975 52
1149 1928 1251 1962 non
1287 1910 1594 1975 praecipitur,
1633 1914 1722 1961 sed
1757 1914 1969 1975 primum
1994 1912 2046 1961 in

205 1999 433 2049 Ordinali
478 1999 597 2048 anni
648 2002 773 2048 1662
813 2002 1311 2063 apparet—quamvis
1348 1999 1604 2062 probabile
1645 2001 1707 2048 sit
1747 2001 2044 2050 concionem

123 2112 125 2115 ·
202 2086 369 2137 fuisse.
466 2089 613 2137 Haec
647 2103 764 2151 ergo
799 2089 1000 2137 collatio
1027 2087 1279 2138 Ordinalis
1308 2086 1584 2150 Anglicani,
1610 2088 1957 2150 qualecunque
1992 2089 2045 2138 id

202 2174 361 2234 fuerit,
373 2175 547 2224 saltem
563 2183 810 2237 quatenus
826 2192 886 2224 ex
901 2177 1170 2224 summario
1189 2174 1397 2224 iudicari
1417 2177 1586 2238 possit,
1613 2174 2044 2238 neglegentissima

201 2261 307 2321 fuit,
330 2270 380 2311 et
403 2263 469 2310 ad
493 2261 858 2311 ordinationem
882 2262 1282 2325 presbyterorum
1305 2263 1470 2311 forsan
1493 2278 1597 2311 non
1621 2262 1867 2311 extendit:
1893 2272 2040 2324 certe,

204 2365 503 2412 quacunque
538 2365 598 2399 ex
633 2366 783 2399 causa
816 2349 975 2410 fuerit,
1002 2351 1066 2398 de
1090 2366 1149 2399 ea
1172 2349 1294 2398 silet.
1369 2350 1521 2409 Quod
1546 2365 1662 2398 vero
1686 2351 1750 2399 de
1786 2349 2042 2399 mentione

203 2437 388 2486 omissa
428 2437 705 2486 traditionis
761 2438 1049 2496 Bibliorum,
1099 2439 1150 2484 in
1207 2435 1580 2485 consecratione
1641 2437 1892 2499 Episcopi,
1940 2435 2041 2485 dici

203 2524 398 2584 debeat,
444 2523 706 2573 nescimus
778 2525 945 2573 Verba
987 2523 1102 2572 “sic
1123 2524 1235 2586 fere
1267 2524 1620 2586 peragebatur”
1658 2523 2037 2586 neglegentiam,

202 2613 251 2659 in
279 2620 380 2660 tam
405 2611 539 2674 gravi
562 2628 710 2661 causa
742 2611 1055 2674 culpabilem,
1082 2611 1301 2660 indicare
1323 2612 1566 2660 videntur.

271 2700 535 2748 Hactenus
559 2701 729 2748 omnia
752 2715 811 2748 ex
835 2700 1153 2748 documentis
1177 2698 1276 2746 iam
1291 2697 1501 2761 cognitis
1520 2696 1887 2759 descripsimus.
1939 2698 2041 2746 Sed

200 2786 342 2835 addit
352 2788 489 2849 Papa
504 2802 566 2836 ex
580 2787 786 2846 scriniis,
803 2796 858 2835 ut
873 2787 1081 2845 videtur,
1099 2785 1302 2835 secretis
1318 2787 1365 2835 S.
1383 2785 1562 2845 Officii,
1576 2786 1714 2847 quod
1729 2786 1875 2834 nobis
1893 2794 2041 2834 antea

197 2873 509 2937 incognitum
547 2873 672 2923 fuit:
712 2873 810 2922 “in
846 2873 1094 2923 sententia
1131 2882 1299 2923 tamen
1334 2873 1538 2922 ferenda
1573 2874 1782 2921 omnino
1820 2871 2040 2935 seposita

197 2970 274 3010 est
308 2976 368 3010 ea
402 2977 554 3010 causa
603 2961 701 3023 (zze.
741 2962 942 3010 Parkeri
988 2959 1320 3024 consecratio)
1366 2969 1420 3008 ut
1467 2961 1772 3008 documenta
1816 2959 2038 3021 produnt

197 3048 419 3112 integrae
464 3049 626 3108 fidei,''
673 3058 722 3098 et
769 3050 965 3098 statim:
1018 3051 1231 3111 “neque
1271 3049 1367 3096 alia
1406 3046 1531 3095 ratio
1572 3056 1647 3096 est
1677 3055 1905 3109 reputata
1941 3045 2038 3095 nisi

195 3137 421 3185 defectus
443 3137 633 3184 formae
658 3144 706 3185 et
729 3134 1066 3185 intentioniS.''
1114 3136 1258 3196 Quae
1282 3143 1399 3183 sunt
1421 3150 1538 3197 ergo
1562 3135 1655 3182 ista
1682 3136 1710 3159 “
1729 3134 2036 3182 documenta

196 3226 418 3286 integrae
459 3223 578 3272 fidei
592 3223 617 3245 ’'
657 3231 707 3272 et
745 3238 871 3285 quos
907 3231 957 3271 et
989 3223 1161 3285 quales
1201 3222 1440 3279 defectuS,
1478 3221 1518 3268 si
1560 3220 1702 3279 ullos,
1751 3220 1939 3268 formae
1985 3228 2037 3268 et

197 3309 492 3360 intentionis
510 3312 947 3360 commemorant?
993 3312 1075 3357 An
1094 3310 1319 3358 defectus
1342 3307 1394 3356 in
1418 3305 1794 3356 consecratione
1811 3305 2036 3370 episcopi

196 3400 352 3446 sunt?
419 3399 514 3446 Vel
561 3397 612 3446 in
660 3398 976 3446 ordinatione
1022 3396 1461 3459 presbyterorum?
1529 3396 1631 3442 Aut
1666 3393 1718 3441 in
1753 3393 2035 3442 ambabus?

196 3486 344 3532 Haec
391 3484 594 3533 maximi
640 3482 885 3535 momenti
930 3491 1059 3542 sunt,
1109 3483 1150 3531 si
1195 3497 1274 3530 res
1321 3496 1382 3530 ex
1427 3495 1591 3542 aequo
1638 3479 1909 3529 iudicanda
1957 3477 2033 3527 sit.
