2216 3964
1149 308 1206 354 18

259 439 465 488 Domini
508 442 570 488 de
595 443 665 489 eis
699 440 795 489 iam
834 440 968 489 dicta
1004 441 1103 490 sint
1139 458 1166 488 a
1201 440 1507 501 sacerdote),
1546 453 1675 500 quae
1712 436 1861 485 Panis
1890 441 2097 494 sanctus

253 526 383 575 vitae
407 537 637 577 aeternae
653 538 702 577 et
723 530 866 578 Calix
889 530 1062 578 salutis
1087 538 1355 592 perpetuae
1379 527 1715 576 nominantur.
1767 527 1958 586 Quarto
1981 523 2096 569 loco

258 624 307 664 et
331 614 507 664 ultimo
524 617 710 681 (Supra
735 634 856 678 quae
868 620 1110 679 propitio)
1137 616 1448 676 sacrificium,
1476 615 1632 663 tribus
1655 613 1820 661 modis
1857 613 2094 669 oblatum,

259 712 321 760 et,
363 705 638 752 secundum
686 707 982 754 sententiam
1046 707 1345 763 Romanam,
1390 703 1490 751 iam
1538 704 1685 765 plene
1735 707 2095 756 consecratum,

258 805 372 847 cum
407 793 658 841 sacrificiis
684 792 1070 854 patriarcharum
1097 794 1226 841 Abel
1259 803 1308 841 et
1342 792 1587 848 Abrahae,
1617 799 1665 838 et
1699 804 1811 836 cum
1856 803 1917 835 eo
1958 783 2096 847 quod

259 877 438 926 obtulit
479 881 868 940 Melchisedech,
909 890 1235 943 comparatur.
1310 880 1460 941 Quod
1486 895 1599 927 cum
1644 881 1917 926 “sanctum
1956 871 2098 922 sacri-

249 966 442 1032 ficium,
472 968 790 1017 immaculata
833 969 1022 1018 hostia''
1047 969 1251 1028 dicatur,
1278 985 1380 1017 non
1423 969 1583 1016 solum
1623 966 1813 1014 ratione
1849 959 2100 1012 offerentis

260 1055 346 1102 sed
373 1055 523 1104 etiam
560 1058 840 1105 oblatorum
879 1060 1153 1121 comparari
1189 1057 1418 1106 videtur.3
1489 1055 1689 1104 Deinde
1724 1061 1864 1116 rogat
1887 1051 2098 1101 ecclesia

258 1150 312 1190 ut
337 1143 462 1191 haec
498 1146 807 1206 perferantur
842 1162 929 1208 per
965 1162 1142 1194 manus
1175 1147 1336 1194 sancti
1376 1143 1557 1207 Angeli
1595 1144 1660 1192 ad
1693 1140 1906 1191 sublime
1943 1140 2096 1188 altare

261 1229 371 1279 Dei.
449 1232 679 1294 Denique
722 1233 950 1293 occurrit,
979 1243 1091 1295 post
1133 1234 1405 1282 secundam
1449 1232 1625 1280 seriem
1665 1231 1923 1278 nominum
1963 1243 2102 1276 sanc-

259 1327 438 1378 torum,
466 1322 703 1370 orationis
742 1321 982 1384 particula
1007 1322 1130 1386 (Per
1159 1338 1293 1383 quem
1331 1323 1444 1368 lzaec
1463 1320 1649 1382 omnia)
1685 1334 1813 1381 quae
1850 1318 1916 1366 ad
1949 1318 2099 1365 bene-

260 1407 499 1456 dicendas
550 1410 711 1472 fruges
770 1411 932 1473 aptior
995 1410 1205 1469 videtur,
1254 1426 1405 1472 quam
1476 1407 1721 1457 sacrificio
1773 1404 2102 1456 eucharistico

259 1496 459 1544 idonea.

312 1585 400 1631 Ex
426 1586 834 1646 praecedentibus
860 1603 976 1649 ergo
1013 1588 1160 1649 plane
1183 1595 1379 1635 constat
1403 1588 1546 1647 legem.
1570 1584 1790 1632 credendi
1811 1599 1842 1631 a
1867 1581 2097 1631 Concilio

261 1670 555 1720 Tridentino
594 1674 896 1736 propositam
937 1674 1245 1737 aliquantum
1272 1676 1397 1722 ultra
1431 1673 1611 1721 limites
1648 1673 1763 1734 legis
1794 1669 2100 1731 supplicandi

259 1775 566 1822 progressam
592 1777 714 1811 esse.
787 1764 888 1811 Res
925 1772 1056 1812 certe
1094 1762 1309 1826 mysterii
1349 1763 1494 1824 plena
1533 1770 1607 1809 est
1648 1769 1697 1808 et
1732 1774 1860 1821 quae
1902 1766 2096 1806 mentes

257 1847 519 1897 hominum
545 1850 687 1899 facile
712 1852 774 1899 ad
802 1850 1124 1914 cogitationes
1162 1852 1284 1898 altas
1320 1859 1368 1898 et
1402 1849 1686 1912 profundas,
1725 1846 1890 1895 valido
1914 1845 2095 1893 amoris

258 1945 307 1984 et
333 1938 528 1998 pietatis
561 1938 753 1996 affectu,
781 1939 1019 1987 adtrahat.
1092 1939 1205 1997 Sed,
1233 1953 1346 1986 cum
1383 1953 1578 1985 summa
1601 1933 1875 1984 reverentia
1899 1931 2095 1982 tractari

260 2025 455 2085 debeat,
483 2034 534 2074 et
559 2025 771 2075 caritatis
808 2026 1119 2076 Christianae
1154 2025 1406 2074 vinculum
1432 2041 1535 2073 non
1564 2022 1954 2086 disputationum
1986 2024 2098 2071 sub-

261 2111 420 2161 tilium
440 2113 639 2162 occasio
664 2114 895 2164 habenda
921 2116 995 2173 sit,
1014 2114 1330 2164 definitiones
1356 2115 1579 2162 curiosae
1605 2113 1668 2161 de
1692 2112 1846 2161 modo
1871 2110 2095 2160 sacrificii

261 2209 311 2249 et
335 2201 399 2249 de
424 2200 614 2250 ratione
650 2218 748 2264 qua
785 2201 1152 2265 coniunguntur
1188 2200 1478 2250 sacrificium
1516 2202 1699 2249 aeterni
1735 2197 2003 2248 sacerdotis
2049 2207 2098 2248 et

262 2289 555 2337 sacrificium
581 2289 849 2350 Ecclesiae,
877 2306 1006 2352 quae
1031 2289 1198 2352 aliquo
1224 2298 1356 2338 certe
1383 2290 1536 2337 modo
1562 2304 1714 2337 unum
1759 2297 1889 2348 sunt,
1931 2296 2101 2335 nostro

259 2376 460 2437 iudicio,
487 2377 720 2426 vitandae
745 2387 859 2427 sunt
884 2378 1050 2440 potius
1078 2394 1226 2441 quam
1249 2378 1634 2440 promovendae.

326 2522 447 2570 XII.
512 2522 680 2583 Quare
719 2538 838 2585 ergo
879 2524 1037 2571 forma
1076 2533 1125 2572 et
1165 2521 1378 2571 intentio
1419 2530 1588 2571 nostra
1626 2524 1676 2569 in
1719 2520 2016 2584 presbyteris
2054 2530 2104 2571 et

260 2609 509 2672 episcopis
533 2610 774 2659 faciendis
791 2610 1116 2674 impugnatur
1133 2615 1155 2660 ?

330 2696 508 2747 Scribit
542 2697 746 2760 quidem
784 2700 933 2760 Papa,
961 2697 1002 2747 si
1040 2715 1098 2748 ea
1135 2715 1265 2761 quae
1303 2697 1508 2746 minoris
1541 2696 1785 2746 momenti
1812 2706 1929 2746 sunt
1951 2696 2104 2758 negli-

260 2803 453 2850 gamus,
482 2786 754 2835 “ordinem
795 2788 1057 2836 sacerdotii
1074 2788 1152 2836 vel
1177 2789 1283 2835 eius
1307 2787 1512 2849 gratiam
1551 2795 1599 2835 et
1641 2794 1950 2848 potestatem,
1973 2801 2102 2848 quae

261 2873 526 2937 praecipue
567 2883 641 2923 est
683 2882 903 2936 potestas
943 2876 1251 2923 consecrandi
1286 2881 1332 2922 et
1365 2873 1593 2936 offlrendz'
1629 2890 1794 2921 verum
1833 2874 2020 2935 Corpus
2058 2880 2106 2921 et

265 2963 561 3024 Sanguinem
586 2964 807 3022 Domini,
834 2978 895 3012 eo
920 2963 1161 3011 sacrificio
1186 2963 1321 3025 quod
1347 2978 1450 3011 non
1475 2970 1549 3010 est
1575 2964 1707 3009 nuda
1731 2963 2104 3010 commemoratio

317 3071 393 3110 XI.
419 3068 436 3094 3
457 3071 576 3110 Haec
592 3070 725 3110 oratio
736 3071 982 3123 interpretes
994 3070 1093 3110 satis
1107 3070 1238 3110 torsit.
1274 3069 1527 3110 Conferendi
1539 3075 1633 3109 sunt
1647 3082 1727 3121 e.g.
1749 3068 2018 3109 Innocentius
2034 3069 2105 3108 ΙΙΙ

261 3136 309 3174 de
324 3149 438 3174 sacro
455 3136 604 3174 altaris
629 3141 745 3186 myst.
781 3149 806 3174 v
835 3146 875 3187 3,
910 3135 1186 3193 Bellarminus
1215 3136 1263 3174 de
1290 3148 1393 3174 sacr.
1428 3135 1561 3173 Eucle.
1589 3134 1653 3182 (de
1669 3134 1808 3181 missa)
1843 3133 1914 3173 lib.
1955 3133 1995 3172 vi
2032 3143 2100 3183 24,

264 3198 443 3240 Romsee
464 3201 612 3239 Sensus
629 3200 803 3238 literalis
822 3201 979 3238 rituum
1001 3200 1144 3238 missae
1153 3205 1226 3238 art.
1254 3212 1345 3237 xxx.
1396 3197 1609 3238 Vetustior
1625 3197 1711 3237 eius
1723 3197 1855 3238 forma
1875 3204 2048 3250 apparet
2061 3197 2103 3236 in

264 3262 697 3312 [Pseudo-Ambrosii]
720 3263 827 3302 libro
847 3264 894 3302 de
910 3263 1189 3302 Suc-ramentis
1206 3262 1248 3301 iv
1267 3262 1293 3301 6
1315 3260 1336 3310 ἕ
1359 3270 1409 3310 27
1426 3261 1496 3300 ubi
1517 3267 1655 3312 partes
1676 3261 1762 3300 eius
1775 3262 1945 3314 inverso·
1958 3261 2104 3300 ordine

265 3327 469 3377 leguntur.
505 3326 704 3366 Scribitur
719 3326 843 3366 etiam
869 3328 898 3347 “
914 3339 986 3378 per
1006 3339 1150 3365 manus
1171 3326 1425 3377 Angelorum
1446 3323 1654 3364 tuorum.’'
1685 3325 1892 3377 Tempore
1913 3325 2065 3364 Leonis
2083 3324 2103 3364 1

267 3389 427 3429 Canoni
442 3391 634 3429 Romano
653 3390 735 3430 iam
756 3390 899 3429 addita
917 3390 1094 3436 videtur,
1117 3389 1150 3428 si
1171 3402 1266 3428 vera
1287 3388 1367 3428 sint
1388 3401 1493 3440 quae
1514 3389 1554 3428 in
1579 3389 1668 3427 Vita
1683 3389 1768 3428 eius
1788 3389 2033 3437 reseruntur,
2051 3389 2104 3428 de

267 3452 401 3492 verbis
438 3455 668 3493 “sanctum
699 3453 961 3501 sacrificium,
984 3453 1292 3493 immaculatam
1321 3452 1545 3499 hostiam,”
1566 3453 1620 3491 ab
1639 3452 1712 3492 illo
1733 3453 1972 3492 subiunctis.
2034 3451 2100 3492 Cf.

267 3529 383 3555 serm.
406 3516 444 3554 iv
462 3526 500 3566 3,
516 3517 585 3556 ubi
602 3518 654 3557 de
669 3518 979 3557 Melchisedech
999 3518 1149 3556 dicitur
1168 3517 1323 3556 “illius
1338 3517 1581 3556 sacramenti
1602 3517 1820 3557 immolans
1841 3516 2098 3564 sacrificium,

221 3571 223 3573 ’
267 3579 376 3629 quaml
404 3580 626 3619 Redemtor
647 3587 784 3621 noster
803 3581 845 3620 in
867 3595 940 3621 suo
961 3594 1132 3633 corpore
1153 3588 1193 3621 et
1215 3581 1413 3632 sauguine
1436 3581 1734 3622 consecravit.’¹
