2216 3964
1053 323 1076 370 5

1902 413 1993 438 tAG.

138 459 338 509 XVIII.
377 463 509 511 Tota
545 463 670 510 ratio
707 461 1038 511 mutationum
1065 477 1093 510 a
1125 459 1271 511 nobis
1307 461 1546 511 factarum
1585 459 1856 524 explicatur

442 567 470 599 a
510 550 766 614 proposito
794 552 994 598 Patrum
1020 558 1298 598 nostrorum
1335 548 1614 599 revertendi
1650 549 1715 598 ad
1752 550 1854 598 Do-

441 641 635 688 minum
660 648 710 689 et
734 639 798 688 ad
824 639 1111 702 Apostolos,
1189 637 1504 689 Cerimoniae
1531 647 1578 687 et
1603 637 1853 687 orationes

439 737 659 777 resectae
694 726 992 777 recentiores
1034 727 1232 776 fuerunt
1265 728 1342 775 vel
1383 741 1484 775 non
1529 725 1848 786 necessariae,

439 817 517 866 vel
568 814 834 878 Liturgiae,
895 813 1066 878 lingua
1129 814 1316 878 vulgari
1376 814 1678 874 recitandae,
1746 831 1846 863 non

439 905 654 954 idoneae
1921 905 1983 949 28

194 1013 333 1062 XIX.
377 1014 628 1063 Dominus
669 1022 838 1063 noster
867 1021 917 1062 et
960 1013 1191 1075 Apostoli
1227 1011 1279 1060 in
1319 1011 1397 1060 his
1436 1013 1584 1062 rebus
1622 1009 1847 1061 fidissimi

442 1104 610 1153 duceS.
683 1104 853 1151 Virtus
914 1103 1160 1151 formulae
1219 1110 1419 1151 nostrae
1467 1100 1518 1149 in
1567 1100 1846 1151 sacerdotio

441 1193 748 1243 conferendo
775 1209 834 1242 ex
853 1190 1130 1241 collatione
1146 1190 1404 1242 Ordinalis
1422 1207 1538 1240 cum
1562 1191 1844 1240 Pontificali

440 1280 673 1331 asseritur
1917 1295 1978 1341 30

224 1373 334 1419 XX.
376 1372 648 1420 Decretum
687 1372 850 1433 Papae
888 1385 990 1418 non
1034 1377 1229 1418 nostros
1268 1378 1460 1418 tantum
1498 1371 1698 1418 ordines
1736 1369 1850 1418 sub-

133 1938 414 2002 Appendix.

437 1458 583 1509 vertit
607 1459 697 1509 sed
721 1460 871 1508 etiam
891 1456 1222 1508 Orientalium
1249 1473 1444 1507 necnon
1472 1474 1687 1507 suorum.
1739 1459 1847 1507 Nos

438 1564 601 1610 aequo
627 1547 795 1596 studio
820 1562 996 1610 pacem
1023 1555 1071 1596 et
1099 1547 1342 1595 unitatem
1380 1547 1590 1596 colimus
1616 1556 1664 1596 et
1690 1548 1848 1595 multa

438 1639 501 1687 ab
532 1653 592 1687 eo
630 1638 759 1686 bene
785 1636 919 1686 dicta
945 1636 1275 1699 agnoscimus.
1352 1637 1609 1699 Rogamus
1640 1646 1693 1684 ut
1723 1636 1845 1699 quid

438 1728 667 1777 Christus
692 1726 904 1775 voluerit
940 1726 989 1772 in
1023 1722 1299 1774 ministerio
1327 1726 1631 1788 Evangelico
1667 1725 1848 1773 consti-

439 1815 630 1866 tuendo
654 1816 900 1878 patienter
925 1814 1250 1876 expendatur.
1323 1814 1597 1864 Conclusio
1917 1829 1943 1875 3
1953 1828 1976 1877 5

459 1939 538 1986 De
563 1951 715 1984 causa
728 1935 971 1997 Johannis
992 1935 1204 1983 Gordon
1228 1952 1236 1982 ε
1275 1932 1414 1983 cuius
1439 1932 1613 1997 petitio
1633 1934 1847 1983 mendax

438 2024 763 2075 ordinationis
823 2024 1220 2087 presbyterorum
1267 2025 1477 2072 formam
1530 2031 1722 2072 tantum
1777 2039 1850 2072 re-

440 2112 611 2178 spexit.
697 2110 1042 2171 Summarium,
1071 2112 1272 2161 decreto
1298 2114 1343 2161 S.
1369 2111 1531 2162 Officii
1557 2113 1843 2175 praefixum,

437 2202 754 2252 collationem
767 2199 1018 2251 Ordinalis
1038 2201 1192 2249 nostri
1212 2199 1642 2264 neglegentissime
1662 2201 1841 2249 factam

438 2289 656 2340 ostendit
688 2298 738 2338 et
761 2287 1202 2338 consecrationem>
1225 2290 1446 2352 episcopi
1484 2291 1645 2338 solum
1672 2290 1838 2352 tangit.

438 2382 518 2428 De
554 2375 916 2427 consuetudine
951 2375 1069 2425 anni
1099 2391 1226 2438 1704
1251 2376 1381 2426 circa
1406 2376 1724 2426 omissionem
1753 2387 1838 2425 tra-

437 2468 640 2517 ditionis
659 2465 1098 2514 instrumentorum
1122 2484 1131 2512 :
1158 2465 1286 2514 etde
1307 2466 1628 2527 responsione
1649 2465 1839 2513 consul-

437 2568 598 2608 torum
626 2558 672 2605 S.
702 2551 868 2604 Officii
892 2553 956 2602 de
981 2554 1290 2617 Aethiopum
1318 2553 1717 2603 ordinationibus
1913 2555 1975 2615 38
