<?xml version="1.0" encoding="UTF-8"?>
<!DOCTYPE html PUBLIC "-//W3C//DTD XHTML 1.0 Transitional//EN"
    "http://www.w3.org/TR/xhtml1/DTD/xhtml1-transitional.dtd">
<html xmlns="http://www.w3.org/1999/xhtml" xml:lang="en" lang="en">
 <head>
  <title>
</title>
<meta http-equiv="Content-Type" content="text/html;charset=utf-8" />
  <meta name='ocr-system' content='tesseract 3.04.00' />
  <meta name='ocr-capabilities' content='ocr_page ocr_carea ocr_par ocr_line ocrx_word'/>
</head>
<body>
  <div class='ocr_page' id='page_1' title='image "a618709801churuoft_0046.png"; bbox 0 0 2216 3964; ppageno 0'>
   <div class='ocr_carea' id='block_1_1' title="bbox 1138 420 1196 465">
    <p class='ocr_par' dir='ltr' id='par_1_1' title="bbox 1138 420 1196 465">
     <span class='ocr_line' id='line_1_1' title="bbox 1138 420 1196 465; baseline 0 -12"><span class='ocrx_word' id='word_1_1' title='bbox 1138 420 1196 465; x_wconf 75' lang='lat'>42</span> 
     </span>
    </p>
   </div>
   <div class='ocr_carea' id='block_1_2' title="bbox 242 537 2086 1478">
    <p class='ocr_par' dir='ltr' id='par_1_2' title="bbox 242 537 2086 1215">
     <span class='ocr_line' id='line_1_2' title="bbox 250 537 2076 604; baseline 0.004 -18"><span class='ocrx_word' id='word_1_2' title='bbox 250 538 347 587; x_wconf 88' lang='lat' dir='ltr'>alio</span> <span class='ocrx_word' id='word_1_3' title='bbox 367 539 502 600; x_wconf 91' lang='lat' dir='ltr'>quod</span> <span class='ocrx_word' id='word_1_4' title='bbox 522 555 580 587; x_wconf 86' lang='lat' dir='ltr'>ex</span> <span class='ocrx_word' id='word_1_5' title='bbox 598 537 683 587; x_wconf 91' lang='lat' dir='ltr'>illo</span> <span class='ocrx_word' id='word_1_6' title='bbox 703 555 908 602; x_wconf 91' lang='lat' dir='ltr'>corpore</span> <span class='ocrx_word' id='word_1_7' title='bbox 923 548 1037 588; x_wconf 89' lang='lat' dir='ltr'>ante</span> <span class='ocrx_word' id='word_1_8' title='bbox 1058 538 1163 587; x_wconf 92' lang='lat' dir='ltr'>dies</span> <span class='ocrx_word' id='word_1_9' title='bbox 1180 548 1294 587; x_wconf 92' lang='lat' dir='ltr'>octo</span> <span class='ocrx_word' id='word_1_10' title='bbox 1319 548 1402 588; x_wconf 89' lang='lat' dir='ltr'>aut</span> <span class='ocrx_word' id='word_1_11' title='bbox 1422 555 1600 588; x_wconf 91' lang='lat' dir='ltr'>novem</span> <span class='ocrx_word' id='word_1_12' title='bbox 1626 542 1867 603; x_wconf 86' lang='lat' dir='ltr'>prodiisse</span> <span class='ocrx_word' id='word_1_13' title='bbox 1884 542 2076 604; x_wconf 65' lang='lat' dir='ltr'>dicitur]</span> 
     </span>
     <span class='ocr_line' id='line_1_3' title="bbox 250 627 2078 693; baseline 0.003 -19"><span class='ocrx_word' id='word_1_14' title='bbox 250 635 299 674; x_wconf 91' lang='lat' dir='ltr'>et</span> <span class='ocrx_word' id='word_1_15' title='bbox 338 628 388 674; x_wconf 91' lang='lat' dir='ltr'>in</span> <span class='ocrx_word' id='word_1_16' title='bbox 421 627 722 675; x_wconf 81' lang='lat' dir='ltr'>Collectanez&#39;s</span> <span class='ocrx_word' id='word_1_17' title='bbox 758 629 907 675; x_wconf 88' lang='lat' dir='ltr'>etiam</span> <span class='ocrx_word' id='word_1_18' title='bbox 945 629 990 675; x_wconf 90' lang='lat' dir='ltr'>S.</span> <span class='ocrx_word' id='word_1_19' title='bbox 1021 629 1076 676; x_wconf 93' lang='lat' dir='ltr'>C.</span> <span class='ocrx_word' id='word_1_20' title='bbox 1106 628 1168 676; x_wconf 94' lang='lat' dir='ltr'>de</span> <span class='ocrx_word' id='word_1_21' title='bbox 1192 628 1511 690; x_wconf 88' lang='lat' dir='ltr'>propaganda</span> <span class='ocrx_word' id='word_1_22' title='bbox 1534 629 1633 677; x_wconf 90' lang='lat' dir='ltr'>fide</span> <span class='ocrx_word' id='word_1_23' title='bbox 1657 645 1791 678; x_wconf 89' lang='lat' dir='ltr'>anno</span> <span class='ocrx_word' id='word_1_24' title='bbox 1819 631 1960 693; x_wconf 86' lang='lat'>1893,</span> <span class='ocrx_word' id='word_1_25' title='bbox 1987 632 2078 680; x_wconf 92' lang='lat' dir='ltr'>sub</span> 
     </span>
     <span class='ocr_line' id='line_1_4' title="bbox 248 713 2083 781; baseline 0.003 -20"><span class='ocrx_word' id='word_1_26' title='bbox 248 730 456 762; x_wconf 88' lang='lat' dir='ltr'>numero</span> <span class='ocrx_word' id='word_1_27' title='bbox 487 729 627 775; x_wconf 90' lang='lat'>1170,</span> <span class='ocrx_word' id='word_1_28' title='bbox 656 730 714 763; x_wconf 87' lang='lat' dir='ltr'>ex</span> <span class='ocrx_word' id='word_1_29' title='bbox 738 723 876 776; x_wconf 88' lang='lat' dir='ltr'>parte</span> <span class='ocrx_word' id='word_1_30' title='bbox 913 713 1167 778; x_wconf 83' lang='lat' dir='ltr'>insigniori</span> <span class='ocrx_word' id='word_1_31' title='bbox 1199 716 1328 777; x_wconf 89' lang='lat' dir='ltr'>typis</span> <span class='ocrx_word' id='word_1_32' title='bbox 1355 716 1645 764; x_wconf 89' lang='lat' dir='ltr'>mandatum</span> <span class='ocrx_word' id='word_1_33' title='bbox 1680 715 1786 766; x_wconf 91' lang='lat' dir='ltr'>fuit.</span> <span class='ocrx_word' id='word_1_34' title='bbox 1858 719 2083 781; x_wconf 91' lang='lat' dir='ltr'>Respon-</span> 
     </span>
     <span class='ocr_line' id='line_1_5' title="bbox 245 801 2082 865; baseline 0.003 -16"><span class='ocrx_word' id='word_1_35' title='bbox 245 802 436 850; x_wconf 91' lang='lat' dir='ltr'>sionem</span> <span class='ocrx_word' id='word_1_36' title='bbox 461 801 668 850; x_wconf 87' lang='lat' dir='ltr'><strong>dicimus</strong></span> <span class='ocrx_word' id='word_1_37' title='bbox 697 803 761 851; x_wconf 92' lang='lat' dir='ltr'>de</span> <span class='ocrx_word' id='word_1_38' title='bbox 786 801 1096 865; x_wconf 86' lang='lat' dir='ltr'><strong>Aethiopum</strong></span> <span class='ocrx_word' id='word_1_39' title='bbox 1136 802 1608 865; x_wconf 89' lang='lat' dir='ltr'>Monophysitarum</span> <span class='ocrx_word' id='word_1_40' title='bbox 1645 803 2082 864; x_wconf 76' lang='lat' dir='ltr'>ordinationibus‚³</span> 
     </span>
     <span class='ocr_line' id='line_1_6' title="bbox 244 888 2085 955; baseline 0.003 -19"><span class='ocrx_word' id='word_1_41' title='bbox 244 890 293 936; x_wconf 91' lang='lat' dir='ltr'>in</span> <span class='ocrx_word' id='word_1_42' title='bbox 320 906 432 951; x_wconf 90' lang='lat' dir='ltr'>qua,</span> <span class='ocrx_word' id='word_1_43' title='bbox 471 899 525 938; x_wconf 93' lang='lat' dir='ltr'>ut</span> <span class='ocrx_word' id='word_1_44' title='bbox 566 898 774 950; x_wconf 90' lang='lat' dir='ltr'>constat,</span> <span class='ocrx_word' id='word_1_45' title='bbox 815 888 1157 939; x_wconf 86' lang='lat' dir='ltr'>ordinationes</span> <span class='ocrx_word' id='word_1_46' title='bbox 1193 891 1592 952; x_wconf 89' lang='lat' dir='ltr'>presbyterorum</span> <span class='ocrx_word' id='word_1_47' title='bbox 1619 891 2085 955; x_wconf 87' lang='lat' dir='ltr'>neglegentissimae</span> 
     </span>
     <span class='ocr_line' id='line_1_7' title="bbox 244 978 2084 1041; baseline 0.001 -15"><span class='ocrx_word' id='word_1_48' title='bbox 244 980 590 1041; x_wconf 82' lang='lat' dir='ltr'>approbantur,</span> <span class='ocrx_word' id='word_1_49' title='bbox 618 980 779 1028; x_wconf 91' lang='lat' dir='ltr'>solum</span> <span class='ocrx_word' id='word_1_50' title='bbox 801 988 934 1028; x_wconf 87' lang='lat' dir='ltr'>tactu</span> <span class='ocrx_word' id='word_1_51' title='bbox 960 996 1136 1028; x_wconf 89' lang='lat' dir='ltr'>manus</span> <span class='ocrx_word' id='word_1_52' title='bbox 1156 988 1205 1028; x_wconf 92' lang='lat' dir='ltr'>et</span> <span class='ocrx_word' id='word_1_53' title='bbox 1221 978 1384 1028; x_wconf 91' lang='lat' dir='ltr'>verbis</span> <span class='ocrx_word' id='word_1_54' title='bbox 1409 980 1582 1041; x_wconf 80' lang='lat' dir='ltr'><em>Accipe</em></span> <span class='ocrx_word' id='word_1_55' title='bbox 1603 979 1845 1041; x_wconf 79' lang='lat' dir='ltr'>Spiritum</span> <span class='ocrx_word' id='word_1_56' title='bbox 1868 986 2084 1029; x_wconf 83' lang='lat' dir='ltr'>sanctum</span> 
     </span>
     <span class='ocr_line' id='line_1_8' title="bbox 247 1066 2086 1130; baseline 0.001 -15"><span class='ocrx_word' id='word_1_57' title='bbox 247 1067 463 1127; x_wconf 88' lang='lat' dir='ltr'>effectae,</span> <span class='ocrx_word' id='word_1_58' title='bbox 492 1067 598 1115; x_wconf 90' lang='lat' dir='ltr'>sine</span> <span class='ocrx_word' id='word_1_59' title='bbox 622 1068 722 1115; x_wconf 90' lang='lat' dir='ltr'>ulla</span> <span class='ocrx_word' id='word_1_60' title='bbox 745 1066 840 1115; x_wconf 88' lang='lat' dir='ltr'>alia</span> <span class='ocrx_word' id='word_1_61' title='bbox 864 1066 1069 1116; x_wconf 90' lang='lat' dir='ltr'>materia</span> <span class='ocrx_word' id='word_1_62' title='bbox 1094 1077 1141 1116; x_wconf 90' lang='lat' dir='ltr'>et</span> <span class='ocrx_word' id='word_1_63' title='bbox 1166 1069 1324 1115; x_wconf 89' lang='lat' dir='ltr'>forma</span> <span class='ocrx_word' id='word_1_64' title='bbox 1349 1067 1443 1115; x_wconf 92' lang='lat' dir='ltr'>nisi</span> <span class='ocrx_word' id='word_1_65' title='bbox 1476 1068 1642 1116; x_wconf 87' lang='lat' dir='ltr'>forsan</span> <span class='ocrx_word' id='word_1_66' title='bbox 1667 1083 1726 1117; x_wconf 90' lang='lat' dir='ltr'>ea</span> <span class='ocrx_word' id='word_1_67' title='bbox 1751 1083 1879 1130; x_wconf 88' lang='lat' dir='ltr'>quae</span> <span class='ocrx_word' id='word_1_68' title='bbox 1903 1066 1954 1116; x_wconf 92' lang='lat' dir='ltr'>in</span> <span class='ocrx_word' id='word_1_69' title='bbox 1979 1084 2086 1118; x_wconf 89' lang='lat' dir='ltr'>ora-</span> 
     </span>
     <span class='ocr_line' id='line_1_9' title="bbox 242 1152 1711 1215; baseline 0.001 -14"><span class='ocrx_word' id='word_1_70' title='bbox 242 1152 379 1202; x_wconf 81' lang='lat' dir='ltr'>tione</span> <span class='ocrx_word' id='word_1_71' title='bbox 420 1154 732 1202; x_wconf 89' lang='lat' dir='ltr'>contineatur</span> <span class='ocrx_word' id='word_1_72' title='bbox 767 1170 895 1215; x_wconf 88' lang='lat' dir='ltr'>quae</span> <span class='ocrx_word' id='word_1_73' title='bbox 932 1155 995 1202; x_wconf 93' lang='lat' dir='ltr'>de</span> <span class='ocrx_word' id='word_1_74' title='bbox 1021 1152 1302 1202; x_wconf 87' lang='lat' dir='ltr'>sacerdotio</span> <span class='ocrx_word' id='word_1_75' title='bbox 1327 1152 1535 1202; x_wconf 90' lang='lat' dir='ltr'>omnino</span> <span class='ocrx_word' id='word_1_76' title='bbox 1560 1153 1711 1203; x_wconf 89' lang='lat' dir='ltr'>silet.4</span> 
     </span>
    </p>

    <p class='ocr_par' dir='ltr' id='par_1_3' title="bbox 250 1229 2084 1478">
     <span class='ocr_line' id='line_1_10' title="bbox 318 1229 2083 1303; baseline 0.002 -15"><span class='ocrx_word' id='word_1_77' title='bbox 318 1242 435 1288; x_wconf 94' lang='lat' dir='ltr'>Hoc</span> <span class='ocrx_word' id='word_1_78' title='bbox 451 1241 808 1289; x_wconf 85' lang='lat' dir='ltr'>documentum</span> <span class='ocrx_word' id='word_1_79' title='bbox 830 1240 925 1288; x_wconf 89' lang='lat' dir='ltr'>iarn</span> <span class='ocrx_word' id='word_1_80' title='bbox 943 1229 1212 1290; x_wconf 40' lang='lat' dir='ltr'>videmus&#39;a</span> <span class='ocrx_word' id='word_1_81' title='bbox 1227 1240 1524 1303; x_wconf 87' lang='lat' dir='ltr'>quibusdam</span> <span class='ocrx_word' id='word_1_82' title='bbox 1555 1244 1582 1266; x_wconf 90' lang='lat'><strong>“</strong></span> <span class='ocrx_word' id='word_1_83' title='bbox 1597 1250 1769 1290; x_wconf 91' lang='lat' dir='ltr'>votum</span> <span class='ocrx_word' id='word_1_84' title='bbox 1788 1241 2083 1292; x_wconf 89' lang='lat' dir='ltr'>consultoris</span> 
     </span>
     <span class='ocr_line' id='line_1_11' title="bbox 250 1327 2084 1392; baseline 0.002 -17"><span class='ocrx_word' id='word_1_85' title='bbox 250 1343 438 1375; x_wconf 90' lang='lat' dir='ltr'>merum</span> <span class='ocrx_word' id='word_1_86' title='bbox 457 1329 480 1348; x_wconf 95' lang='lat'>&#39;&#39;</span> <span class='ocrx_word' id='word_1_87' title='bbox 527 1327 639 1386; x_wconf 87' lang='lat' dir='ltr'>dici,</span> <span class='ocrx_word' id='word_1_88' title='bbox 684 1337 746 1387; x_wconf 91' lang='lat' dir='ltr'>et,</span> <span class='ocrx_word' id='word_1_89' title='bbox 792 1337 1031 1390; x_wconf 89' lang='lat' dir='ltr'>quantum</span> <span class='ocrx_word' id='word_1_90' title='bbox 1081 1327 1183 1376; x_wconf 91' lang='lat' dir='ltr'>fieri</span> <span class='ocrx_word' id='word_1_91' title='bbox 1230 1337 1407 1391; x_wconf 90' lang='lat' dir='ltr'>potest,</span> <span class='ocrx_word' id='word_1_92' title='bbox 1457 1330 1716 1391; x_wconf 90' lang='lat' dir='ltr'>repudiari.</span> <span class='ocrx_word' id='word_1_93' title='bbox 1803 1330 1903 1379; x_wconf 90' lang='lat' dir='ltr'>Sed</span> <span class='ocrx_word' id='word_1_94' title='bbox 1950 1338 2084 1392; x_wconf 87' lang='lat' dir='ltr'>patet</span> 
     </span>
     <span class='ocr_line' id='line_1_12' title="bbox 250 1415 2084 1478; baseline 0.002 -16"><span class='ocrx_word' id='word_1_95' title='bbox 250 1417 464 1478; x_wconf 86' lang='lat' dir='ltr'>aliquam</span> <span class='ocrx_word' id='word_1_96' title='bbox 504 1417 878 1478; x_wconf 82' lang='lat' dir='ltr'>responsionem</span> <span class='ocrx_word' id='word_1_97' title='bbox 912 1415 1198 1464; x_wconf 90' lang='lat' dir='ltr'>huiusmodi</span> <span class='ocrx_word' id='word_1_98' title='bbox 1234 1415 1318 1463; x_wconf 91' lang='lat' dir='ltr'>illo</span> <span class='ocrx_word' id='word_1_99' title='bbox 1366 1425 1589 1478; x_wconf 92' lang='lat' dir='ltr'>tempore</span> <span class='ocrx_word' id='word_1_100' title='bbox 1627 1417 1794 1465; x_wconf 88' lang='lat' dir='ltr'>datam</span> <span class='ocrx_word' id='word_1_101' title='bbox 1820 1418 1998 1466; x_wconf 89' lang='lat' dir='ltr'>fuisse:</span> <span class='ocrx_word' id='word_1_102' title='bbox 2034 1416 2084 1466; x_wconf 92' lang='lat' dir='ltr'>in</span> 
     </span>
    </p>
   </div>
   <div class='ocr_carea' id='block_1_3' title="bbox 245 1522 2090 3694">
    <p class='ocr_par' dir='ltr' id='par_1_4' title="bbox 245 1522 2090 2996">
     <span class='ocr_line' id='line_1_13' title="bbox 303 1522 2089 1576; baseline 0 -12"><span class='ocrx_word' id='word_1_103' title='bbox 303 1525 413 1576; x_wconf 86' lang='lat' dir='ltr'>App.</span> <span class='ocrx_word' id='word_1_104' title='bbox 440 1522 456 1547; x_wconf 79' lang='lat'><strong>3</strong></span> <span class='ocrx_word' id='word_1_105' title='bbox 484 1523 592 1563; x_wconf 92' lang='lat' dir='ltr'>Vide</span> <span class='ocrx_word' id='word_1_106' title='bbox 613 1524 664 1563; x_wconf 92' lang='lat' dir='ltr'>de</span> <span class='ocrx_word' id='word_1_107' title='bbox 685 1524 763 1563; x_wconf 89' lang='lat' dir='ltr'>ritu</span> <span class='ocrx_word' id='word_1_108' title='bbox 784 1523 1038 1576; x_wconf 80' lang='lat' dir='ltr'>Aethiopum</span> <span class='ocrx_word' id='word_1_109' title='bbox 1059 1524 1131 1563; x_wconf 92' lang='lat' dir='ltr'>illo</span> <span class='ocrx_word' id='word_1_110' title='bbox 1152 1529 1337 1575; x_wconf 91' lang='lat' dir='ltr'>tempore</span> <span class='ocrx_word' id='word_1_111' title='bbox 1359 1524 1451 1563; x_wconf 93' lang='lat' dir='ltr'>Iobi</span> <span class='ocrx_word' id='word_1_112' title='bbox 1489 1524 1655 1565; x_wconf 88' lang='lat' dir='ltr'>Ludolfi</span> <span class='ocrx_word' id='word_1_113' title='bbox 1675 1526 2022 1566; x_wconf 82' lang='lat' dir='ltr'>Commentarium</span> <span class='ocrx_word' id='word_1_114' title='bbox 2043 1527 2089 1565; x_wconf 86' lang='lat' dir='ltr'>in</span> 
     </span>
     <span class='ocr_line' id='line_1_14' title="bbox 250 1587 2089 1640; baseline 0.002 -13"><span class='ocrx_word' id='word_1_115' title='bbox 250 1590 364 1628; x_wconf 76' lang='lat' dir='ltr'>Hist.</span> <span class='ocrx_word' id='word_1_116' title='bbox 401 1589 579 1639; x_wconf 72' lang='lat' dir='ltr'>Aetlzz‘op.</span> <span class='ocrx_word' id='word_1_117' title='bbox 607 1601 676 1640; x_wconf 89' lang='lat' dir='ltr'>pp.</span> <span class='ocrx_word' id='word_1_118' title='bbox 713 1588 872 1639; x_wconf 82' lang='lat'>323—8</span> <span class='ocrx_word' id='word_1_119' title='bbox 907 1587 1098 1628; x_wconf 85' lang='lat' dir='ltr'>Francos.</span> <span class='ocrx_word' id='word_1_120' title='bbox 1129 1589 1180 1627; x_wconf 89' lang='lat' dir='ltr'>ad</span> <span class='ocrx_word' id='word_1_121' title='bbox 1204 1589 1265 1626; x_wconf 91' lang='lat' dir='ltr'>M.</span> <span class='ocrx_word' id='word_1_122' title='bbox 1291 1588 1403 1637; x_wconf 90' lang='lat'>1691.</span> <span class='ocrx_word' id='word_1_123' title='bbox 1445 1589 1584 1628; x_wconf 91' lang='lat' dir='ltr'>Dubia</span> <span class='ocrx_word' id='word_1_124' title='bbox 1605 1589 1657 1629; x_wconf 91' lang='lat' dir='ltr'>de</span> <span class='ocrx_word' id='word_1_125' title='bbox 1676 1590 1740 1629; x_wconf 91' lang='lat' dir='ltr'>his</span> <span class='ocrx_word' id='word_1_126' title='bbox 1759 1589 2089 1630; x_wconf 87' lang='lat' dir='ltr'>ordinationibus</span> 
     </span>
     <span class='ocr_line' id='line_1_15' title="bbox 249 1652 2086 1706; baseline 0.001 -14"><span class='ocrx_word' id='word_1_127' title='bbox 249 1653 459 1705; x_wconf 89' lang='lat' dir='ltr'>proposita</span> <span class='ocrx_word' id='word_1_128' title='bbox 478 1658 517 1693; x_wconf 91' lang='lat' dir='ltr'>et</span> <span class='ocrx_word' id='word_1_129' title='bbox 539 1653 848 1704; x_wconf 88' lang='lat' dir='ltr'>responsionem</span> <span class='ocrx_word' id='word_1_130' title='bbox 868 1653 1147 1692; x_wconf 88' lang='lat' dir='ltr'>consultorum</span> <span class='ocrx_word' id='word_1_131' title='bbox 1168 1665 1382 1704; x_wconf 88' lang='lat' dir='ltr'>supremae</span> <span class='ocrx_word' id='word_1_132' title='bbox 1403 1652 1688 1704; x_wconf 89' lang='lat' dir='ltr'>Inquisitionis</span> <span class='ocrx_word' id='word_1_133' title='bbox 1707 1654 1862 1706; x_wconf 89' lang='lat' dir='ltr'>primus</span> <span class='ocrx_word' id='word_1_134' title='bbox 1887 1659 2086 1706; x_wconf 87' lang='lat' dir='ltr'>quantum</span> 
     </span>
     <span class='ocr_line' id='line_1_16' title="bbox 248 1716 2086 1770; baseline 0.001 -13"><span class='ocrx_word' id='word_1_135' title='bbox 248 1718 398 1758; x_wconf 88' lang='lat' dir='ltr'>scimus</span> <span class='ocrx_word' id='word_1_136' title='bbox 418 1718 637 1770; x_wconf 86' lang='lat' dir='ltr'>evulgavit,</span> <span class='ocrx_word' id='word_1_137' title='bbox 662 1717 875 1757; x_wconf 85' lang='lat' dir='ltr'>Benedicti</span> <span class='ocrx_word' id='word_1_138' title='bbox 896 1718 1001 1756; x_wconf 89' lang='lat' dir='ltr'>XIV</span> <span class='ocrx_word' id='word_1_139' title='bbox 1018 1716 1287 1769; x_wconf 87' lang='lat' dir='ltr'>temporibus,</span> <span class='ocrx_word' id='word_1_140' title='bbox 1307 1717 1523 1769; x_wconf 88' lang='lat' dir='ltr'>Philippus</span> <span class='ocrx_word' id='word_1_141' title='bbox 1543 1717 1595 1757; x_wconf 91' lang='lat' dir='ltr'>de</span> <span class='ocrx_word' id='word_1_142' title='bbox 1615 1717 1889 1758; x_wconf 89' lang='lat' dir='ltr'>Carboneano</span> <span class='ocrx_word' id='word_1_143' title='bbox 1910 1720 2086 1768; x_wconf 86' lang='grc'>(1707-</span> 
     </span>
     <span class='ocr_line' id='line_1_17' title="bbox 253 1781 2084 1835; baseline 0.001 -14"><span class='ocrx_word' id='word_1_144' title='bbox 253 1782 387 1832; x_wconf 90' lang='lat'>1762),</span> <span class='ocrx_word' id='word_1_145' title='bbox 421 1797 470 1822; x_wconf 86' lang='lat' dir='ltr'>ex</span> <span class='ocrx_word' id='word_1_146' title='bbox 494 1782 701 1822; x_wconf 86' lang='lat' dir='ltr'>Fratribus</span> <span class='ocrx_word' id='word_1_147' title='bbox 735 1782 975 1830; x_wconf 85' lang='lat' dir='ltr'>minoribus,</span> <span class='ocrx_word' id='word_1_148' title='bbox 997 1781 1202 1821; x_wconf 84' lang='lat' dir='ltr'>Professor</span> <span class='ocrx_word' id='word_1_149' title='bbox 1225 1781 1403 1834; x_wconf 90' lang='lat' dir='ltr'>Collegii</span> <span class='ocrx_word' id='word_1_150' title='bbox 1423 1782 1570 1821; x_wconf 84' lang='lat' dir='ltr'>urbani</span> <span class='ocrx_word' id='word_1_151' title='bbox 1600 1783 1652 1822; x_wconf 91' lang='lat' dir='ltr'>de</span> <span class='ocrx_word' id='word_1_152' title='bbox 1684 1783 1954 1835; x_wconf 87' lang='lat' dir='ltr'>propaganda</span> <span class='ocrx_word' id='word_1_153' title='bbox 1987 1783 2084 1831; x_wconf 88' lang='lat' dir='ltr'>fide,</span> 
     </span>
     <span class='ocr_line' id='line_1_18' title="bbox 248 1846 2084 1898; baseline 0 -11"><span class='ocrx_word' id='word_1_154' title='bbox 248 1848 292 1887; x_wconf 91' lang='lat' dir='ltr'>in</span> <span class='ocrx_word' id='word_1_155' title='bbox 325 1847 622 1898; x_wconf 69' lang='lat' dir='ltr'>Appendicibus</span> <span class='ocrx_word' id='word_1_156' title='bbox 666 1847 719 1886; x_wconf 85' lang='lat' dir='ltr'>ad</span> <span class='ocrx_word' id='word_1_157' title='bbox 773 1848 813 1886; x_wconf 90' lang='lat' dir='ltr'><em>T</em></span> <span class='ocrx_word' id='word_1_158' title='bbox 806 1847 900 1886; x_wconf 78' lang='lat' dir='ltr'>heol.</span> <span class='ocrx_word' id='word_1_159' title='bbox 938 1847 1091 1886; x_wconf 76' lang='lat' dir='ltr'>Moral.</span> <span class='ocrx_word' id='word_1_160' title='bbox 1136 1847 1255 1885; x_wconf 80' lang='lat' dir='ltr'>univ.</span> <span class='ocrx_word' id='word_1_161' title='bbox 1292 1846 1408 1885; x_wconf 87' lang='lat' dir='ltr'>Pauli</span> <span class='ocrx_word' id='word_1_162' title='bbox 1450 1846 1502 1885; x_wconf 91' lang='lat' dir='ltr'>G.</span> <span class='ocrx_word' id='word_1_163' title='bbox 1545 1846 1744 1895; x_wconf 90' lang='lat' dir='ltr'>Antoine,</span> <span class='ocrx_word' id='word_1_164' title='bbox 1775 1849 1934 1888; x_wconf 85' lang='lat' dir='ltr'>Romae</span> <span class='ocrx_word' id='word_1_165' title='bbox 1972 1860 2084 1887; x_wconf 85' lang='lat' dir='ltr'>anno</span> 
     </span>
     <span class='ocr_line' id='line_1_19' title="bbox 254 1910 2085 1964; baseline 0.001 -14"><span class='ocrx_word' id='word_1_166' title='bbox 254 1920 355 1962; x_wconf 85' lang='lat'>1752</span> <span class='ocrx_word' id='word_1_167' title='bbox 377 1912 431 1963; x_wconf 90' lang='lat' dir='ltr'>(p.</span> <span class='ocrx_word' id='word_1_168' title='bbox 458 1911 536 1961; x_wconf 89' lang='lat'>677</span> <span class='ocrx_word' id='word_1_169' title='bbox 557 1911 655 1963; x_wconf 88' lang='lat' dir='ltr'>sq.),</span> <span class='ocrx_word' id='word_1_170' title='bbox 689 1917 728 1950; x_wconf 89' lang='lat' dir='ltr'>et</span> <span class='ocrx_word' id='word_1_171' title='bbox 760 1911 858 1950; x_wconf 83' lang='lat' dir='ltr'>alibi</span> <span class='ocrx_word' id='word_1_172' title='bbox 893 1924 1015 1962; x_wconf 83' lang='lat' dir='ltr'>saepe</span> <span class='ocrx_word' id='word_1_173' title='bbox 1048 1910 1184 1958; x_wconf 84' lang='lat' dir='ltr'>editis,</span> <span class='ocrx_word' id='word_1_174' title='bbox 1220 1915 1265 1949; x_wconf 91' lang='lat' dir='ltr'>ut</span> <span class='ocrx_word' id='word_1_175' title='bbox 1286 1911 1390 1950; x_wconf 92' lang='lat' dir='ltr'>Ven.</span> <span class='ocrx_word' id='word_1_176' title='bbox 1420 1910 1521 1960; x_wconf 92' lang='lat'>1778</span> <span class='ocrx_word' id='word_1_177' title='bbox 1553 1912 1637 1959; x_wconf 94' lang='lat'>(111.</span> <span class='ocrx_word' id='word_1_178' title='bbox 1669 1922 1703 1959; x_wconf 91' lang='lat'>1,</span> <span class='ocrx_word' id='word_1_179' title='bbox 1727 1925 1766 1964; x_wconf 92' lang='lat' dir='ltr'>p.</span> <span class='ocrx_word' id='word_1_180' title='bbox 1797 1910 1890 1964; x_wconf 90' lang='lat'>172)</span> <span class='ocrx_word' id='word_1_181' title='bbox 1912 1911 2085 1951; x_wconf 85' lang='lat' dir='ltr'>Taurini</span> 
     </span>
     <span class='ocr_line' id='line_1_20' title="bbox 248 1975 2088 2028; baseline 0 -12"><span class='ocrx_word' id='word_1_182' title='bbox 248 1990 358 2016; x_wconf 84' lang='lat' dir='ltr'>anno</span> <span class='ocrx_word' id='word_1_183' title='bbox 383 1976 485 2026; x_wconf 87' lang='lat'>1789</span> <span class='ocrx_word' id='word_1_184' title='bbox 509 1976 557 2027; x_wconf 84' lang='lat' dir='ltr'>(v</span> <span class='ocrx_word' id='word_1_185' title='bbox 578 1990 617 2028; x_wconf 91' lang='lat' dir='ltr'>p.</span> <span class='ocrx_word' id='word_1_186' title='bbox 646 1985 717 2026; x_wconf 85' lang='lat'>501</span> <span class='ocrx_word' id='word_1_187' title='bbox 750 1978 831 2028; x_wconf 84' lang='lat' dir='ltr'>sq.)</span> <span class='ocrx_word' id='word_1_188' title='bbox 848 1982 887 2015; x_wconf 90' lang='lat' dir='ltr'>et</span> <span class='ocrx_word' id='word_1_189' title='bbox 901 1975 1117 2014; x_wconf 88' lang='lat' dir='ltr'>Avenione</span> <span class='ocrx_word' id='word_1_190' title='bbox 1143 1976 1244 2015; x_wconf 86' lang='lat'>1818</span> <span class='ocrx_word' id='word_1_191' title='bbox 1264 1975 1310 2026; x_wconf 70' lang='lat' dir='ltr'>(v</span> <span class='ocrx_word' id='word_1_192' title='bbox 1333 1989 1372 2027; x_wconf 89' lang='lat' dir='ltr'>p.</span> <span class='ocrx_word' id='word_1_193' title='bbox 1397 1975 1509 2026; x_wconf 90' lang='lat'><strong>409).</strong></span> <span class='ocrx_word' id='word_1_194' title='bbox 1572 1977 1696 2027; x_wconf 83' lang='lat' dir='ltr'>Quod</span> <span class='ocrx_word' id='word_1_195' title='bbox 1717 1977 1770 2017; x_wconf 90' lang='lat' dir='ltr'>de</span> <span class='ocrx_word' id='word_1_196' title='bbox 1789 1977 2088 2028; x_wconf 79' lang='lat' dir='ltr'>Appendicibus</span> 
     </span>
     <span class='ocr_line' id='line_1_21' title="bbox 249 2040 2082 2092; baseline 0 -11"><span class='ocrx_word' id='word_1_197' title='bbox 249 2042 291 2080; x_wconf 89' lang='lat' dir='ltr'>in</span> <span class='ocrx_word' id='word_1_198' title='bbox 339 2041 549 2081; x_wconf 88' lang='lat' dir='ltr'>Concinae</span> <span class='ocrx_word' id='word_1_199' title='bbox 605 2042 644 2079; x_wconf 89' lang='lat' dir='ltr'><em>T</em></span> <span class='ocrx_word' id='word_1_200' title='bbox 638 2041 733 2079; x_wconf 75' lang='lat' dir='ltr'>lzeol.</span> <span class='ocrx_word' id='word_1_201' title='bbox 786 2041 896 2079; x_wconf 76' lang='lat' dir='ltr'>Mor.</span> <span class='ocrx_word' id='word_1_202' title='bbox 950 2040 1089 2079; x_wconf 87' lang='lat' dir='ltr'>scribit</span> <span class='ocrx_word' id='word_1_203' title='bbox 1129 2041 1339 2092; x_wconf 89' lang='lat' dir='ltr'>Gasparri,</span> <span class='ocrx_word' id='word_1_204' title='bbox 1398 2041 1531 2079; x_wconf 75' lang='lat' dir='ltr'>Tract.</span> <span class='ocrx_word' id='word_1_205' title='bbox 1588 2041 1692 2081; x_wconf 85' lang='lat' dir='ltr'>Can.</span> <span class='ocrx_word' id='word_1_206' title='bbox 1743 2041 1791 2080; x_wconf 84' lang='lat' dir='ltr'>de</span> <span class='ocrx_word' id='word_1_207' title='bbox 1832 2055 1934 2081; x_wconf 86' lang='lat' dir='ltr'>sacr.</span> <span class='ocrx_word' id='word_1_208' title='bbox 1983 2042 2082 2082; x_wconf 80' lang='lat' dir='ltr'>ord.</span> 
     </span>
     <span class='ocr_line' id='line_1_22' title="bbox 248 2103 2085 2156; baseline 0.001 -12"><span class='ocrx_word' id='word_1_209' title='bbox 248 2118 332 2145; x_wconf 88' lang='lat' dir='ltr'>sec.</span> <span class='ocrx_word' id='word_1_210' title='bbox 377 2114 476 2156; x_wconf 86' lang='lat'>1057</span> <span class='ocrx_word' id='word_1_211' title='bbox 523 2105 647 2144; x_wconf 84' lang='lat' dir='ltr'>Paris.</span> <span class='ocrx_word' id='word_1_212' title='bbox 701 2103 816 2155; x_wconf 85' lang='lat'>1893,</span> <span class='ocrx_word' id='word_1_213' title='bbox 864 2104 984 2143; x_wconf 87' lang='lat' dir='ltr'>nobis</span> <span class='ocrx_word' id='word_1_214' title='bbox 1036 2117 1120 2143; x_wconf 92' lang='lat' dir='ltr'>non</span> <span class='ocrx_word' id='word_1_215' title='bbox 1170 2104 1311 2155; x_wconf 90' lang='lat' dir='ltr'>liquet.</span> <span class='ocrx_word' id='word_1_216' title='bbox 1398 2105 1465 2143; x_wconf 91' lang='lat' dir='ltr'>De</span> <span class='ocrx_word' id='word_1_217' title='bbox 1518 2105 1595 2144; x_wconf 89' lang='lat' dir='ltr'>hac</span> <span class='ocrx_word' id='word_1_218' title='bbox 1652 2117 1775 2144; x_wconf 91' lang='lat' dir='ltr'>causa</span> <span class='ocrx_word' id='word_1_219' title='bbox 1819 2105 1914 2145; x_wconf 89' lang='lat' dir='ltr'>vide</span> <span class='ocrx_word' id='word_1_220' title='bbox 1960 2105 2085 2145; x_wconf 88' lang='lat' dir='ltr'>etiam</span> 
     </span>
     <span class='ocr_line' id='line_1_23' title="bbox 245 2168 2087 2221; baseline 0.001 -13"><span class='ocrx_word' id='word_1_221' title='bbox 245 2170 293 2208; x_wconf 91' lang='lat' dir='ltr'>E.</span> <span class='ocrx_word' id='word_1_222' title='bbox 318 2170 365 2208; x_wconf 86' lang='lat' dir='ltr'>E.</span> <span class='ocrx_word' id='word_1_223' title='bbox 390 2170 597 2216; x_wconf 89' lang='lat' dir='ltr'>Estcourt‚</span> <span class='ocrx_word' id='word_1_224' title='bbox 623 2169 663 2207; x_wconf 89' lang='lat' dir='ltr'><em>T</em></span> <span class='ocrx_word' id='word_1_225' title='bbox 656 2169 705 2206; x_wconf 73' lang='lat' dir='ltr'>lte</span> <span class='ocrx_word' id='word_1_226' title='bbox 719 2170 897 2219; x_wconf 77' lang='lat' dir='ltr'>question</span> <span class='ocrx_word' id='word_1_227' title='bbox 918 2169 1075 2219; x_wconf 76' lang='lat' dir='ltr'>ofAng</span> <span class='ocrx_word' id='word_1_228' title='bbox 1051 2169 1184 2206; x_wconf 75' lang='lat' dir='ltr'>‹rlz&#39;can</span> <span class='ocrx_word' id='word_1_229' title='bbox 1203 2168 1463 2206; x_wconf 76' lang='lat' dir='ltr'>mdz&#39;natzons</span> <span class='ocrx_word' id='word_1_230' title='bbox 1493 2169 1695 2208; x_wconf 71' lang='lat' dir='ltr'>descussed</span> <span class='ocrx_word' id='word_1_231' title='bbox 1720 2169 1873 2217; x_wconf 88' lang='lat' dir='ltr'>(Lond.</span> <span class='ocrx_word' id='word_1_232' title='bbox 1905 2168 2054 2221; x_wconf 87' lang='lat'>1873)</span> <span class='ocrx_word' id='word_1_233' title='bbox 2043 2182 2087 2211; x_wconf 84' lang='lat' dir='ltr'>ln</span> 
     </span>
     <span class='ocr_line' id='line_1_24' title="bbox 245 2232 2086 2286; baseline -0.001 -13"><span class='ocrx_word' id='word_1_234' title='bbox 245 2233 543 2285; x_wconf 86' lang='lat' dir='ltr'>appendicibus</span> <span class='ocrx_word' id='word_1_235' title='bbox 577 2233 718 2279; x_wconf 82' lang='lat' dir='ltr'>xxxiii,</span> <span class='ocrx_word' id='word_1_236' title='bbox 741 2233 863 2270; x_wconf 81' lang='lat' dir='ltr'>xxxiv</span> <span class='ocrx_word' id='word_1_237' title='bbox 898 2239 938 2271; x_wconf 90' lang='lat' dir='ltr'>et</span> <span class='ocrx_word' id='word_1_238' title='bbox 968 2246 1090 2279; x_wconf 59' lang='lat' dir='ltr'>xxm,</span> <span class='ocrx_word' id='word_1_239' title='bbox 1115 2232 1186 2271; x_wconf 85' lang='lat' dir='ltr'>ub1</span> <span class='ocrx_word' id='word_1_240' title='bbox 1206 2232 1408 2271; x_wconf 88' lang='lat' dir='ltr'>formulae</span> <span class='ocrx_word' id='word_1_241' title='bbox 1438 2233 1746 2272; x_wconf 87' lang='lat' dir='ltr'>ordinationum</span> <span class='ocrx_word' id='word_1_242' title='bbox 1777 2233 2007 2286; x_wconf 89' lang='lat' dir='ltr'>Coptorum</span> <span class='ocrx_word' id='word_1_243' title='bbox 2046 2240 2086 2273; x_wconf 88' lang='lat' dir='ltr'>et</span> 
     </span>
     <span class='ocr_line' id='line_1_25' title="bbox 246 2296 2083 2349; baseline 0.001 -12"><span class='ocrx_word' id='word_1_244' title='bbox 246 2298 516 2349; x_wconf 88' lang='lat' dir='ltr'>Aethiopum,</span> <span class='ocrx_word' id='word_1_245' title='bbox 537 2297 826 2337; x_wconf 85' lang='lat' dir='ltr'>Resolutiones</span> <span class='ocrx_word' id='word_1_246' title='bbox 849 2297 889 2336; x_wconf 81' lang='lat' dir='ltr'>S.</span> <span class='ocrx_word' id='word_1_247' title='bbox 911 2296 1049 2336; x_wconf 75' lang='lat' dir='ltr'>Officii</span> <span class='ocrx_word' id='word_1_248' title='bbox 1069 2309 1271 2335; x_wconf 88' lang='lat' dir='ltr'>annorum</span> <span class='ocrx_word' id='word_1_249' title='bbox 1298 2306 1401 2346; x_wconf 86' lang='lat'>1704</span> <span class='ocrx_word' id='word_1_250' title='bbox 1416 2302 1456 2336; x_wconf 94' lang='lat' dir='ltr'>et</span> <span class='ocrx_word' id='word_1_251' title='bbox 1482 2296 1598 2345; x_wconf 89' lang='lat'>1860,</span> <span class='ocrx_word' id='word_1_252' title='bbox 1623 2303 1663 2336; x_wconf 90' lang='lat' dir='ltr'>et</span> <span class='ocrx_word' id='word_1_253' title='bbox 1683 2297 1847 2338; x_wconf 87' lang='lat' dir='ltr'>litterae</span> <span class='ocrx_word' id='word_1_254' title='bbox 1869 2299 1939 2348; x_wconf 91' lang='lat'>(24</span> <span class='ocrx_word' id='word_1_255' title='bbox 1950 2299 2083 2346; x_wconf 90' lang='lat' dir='ltr'>Nov.‚</span> 
     </span>
     <span class='ocr_line' id='line_1_26' title="bbox 253 2360 2087 2414; baseline 0.001 -13"><span class='ocrx_word' id='word_1_256' title='bbox 253 2361 371 2410; x_wconf 87' lang='lat'>1867)</span> <span class='ocrx_word' id='word_1_257' title='bbox 412 2361 615 2401; x_wconf 90' lang='lat' dir='ltr'>Ludovici</span> <span class='ocrx_word' id='word_1_258' title='bbox 658 2362 699 2400; x_wconf 90' lang='lat' dir='ltr'>P.</span> <span class='ocrx_word' id='word_1_259' title='bbox 737 2362 774 2412; x_wconf 89' lang='lat' dir='ltr'>J.</span> <span class='ocrx_word' id='word_1_260' title='bbox 813 2361 903 2407; x_wconf 89' lang='lat' dir='ltr'>Bel,</span> <span class='ocrx_word' id='word_1_261' title='bbox 947 2360 1145 2412; x_wconf 79' lang='lat' dir='ltr'>Episcopi</span> <span class='ocrx_word' id='word_1_262' title='bbox 1185 2360 1532 2412; x_wconf 88' lang='lat' dir='ltr'>Agathopolitani</span> <span class='ocrx_word' id='word_1_263' title='bbox 1575 2367 1614 2400; x_wconf 90' lang='lat' dir='ltr'>et</span> <span class='ocrx_word' id='word_1_264' title='bbox 1654 2361 1810 2401; x_wconf 88' lang='lat' dir='ltr'>Vicarii</span> <span class='ocrx_word' id='word_1_265' title='bbox 1850 2363 2087 2414; x_wconf 91' lang='lat' dir='ltr'>Apostolici</span> 
     </span>
     <span class='ocr_line' id='line_1_27' title="bbox 248 2425 2090 2478; baseline 0.001 -12"><span class='ocrx_word' id='word_1_266' title='bbox 248 2427 511 2478; x_wconf 86' lang='lat' dir='ltr'>Abyssiniae‚</span> <span class='ocrx_word' id='word_1_267' title='bbox 553 2426 660 2478; x_wconf 89' lang='lat' dir='ltr'>typis</span> <span class='ocrx_word' id='word_1_268' title='bbox 692 2426 911 2464; x_wconf 84' lang='lat' dir='ltr'>mandatae</span> <span class='ocrx_word' id='word_1_269' title='bbox 941 2432 1046 2464; x_wconf 88' lang='lat' dir='ltr'>sunt.</span> <span class='ocrx_word' id='word_1_270' title='bbox 1110 2425 1219 2464; x_wconf 89' lang='lat' dir='ltr'>Vide</span> <span class='ocrx_word' id='word_1_271' title='bbox 1254 2425 1379 2464; x_wconf 89' lang='lat' dir='ltr'>etiam</span> <span class='ocrx_word' id='word_1_272' title='bbox 1413 2426 1458 2463; x_wconf 93' lang='lat' dir='ltr'>P.</span> <span class='ocrx_word' id='word_1_273' title='bbox 1490 2426 1687 2477; x_wconf 86' lang='lat' dir='ltr'>Gasparri</span> <span class='ocrx_word' id='word_1_274' title='bbox 1724 2427 1766 2465; x_wconf 85' lang='lat' dir='ltr'><em>T</em></span> <span class='ocrx_word' id='word_1_275' title='bbox 1759 2431 1858 2467; x_wconf 76' lang='lat' dir='ltr'>raet.</span> <span class='ocrx_word' id='word_1_276' title='bbox 1898 2427 2002 2467; x_wconf 85' lang='lat' dir='ltr'>Can.</span> <span class='ocrx_word' id='word_1_277' title='bbox 2042 2428 2090 2466; x_wconf 86' lang='lat' dir='ltr'>de</span> 
     </span>
     <span class='ocr_line' id='line_1_28' title="bbox 246 2489 2086 2541; baseline 0.001 -11"><span class='ocrx_word' id='word_1_278' title='bbox 246 2506 347 2531; x_wconf 66' lang='lat' dir='ltr'>sacr.</span> <span class='ocrx_word' id='word_1_279' title='bbox 394 2493 488 2531; x_wconf 72' lang='lat' dir='ltr'>Orci.</span> <span class='ocrx_word' id='word_1_280' title='bbox 526 2505 606 2531; x_wconf 90' lang='lat' dir='ltr'>sec.</span> <span class='ocrx_word' id='word_1_281' title='bbox 646 2499 746 2541; x_wconf 87' lang='lat'>1057</span> <span class='ocrx_word' id='word_1_282' title='bbox 777 2496 817 2529; x_wconf 85' lang='lat' dir='ltr'>et</span> <span class='ocrx_word' id='word_1_283' title='bbox 843 2489 959 2540; x_wconf 87' lang='lat'>1058,</span> <span class='ocrx_word' id='word_1_284' title='bbox 997 2489 1067 2541; x_wconf 90' lang='lat' dir='ltr'>qui</span> <span class='ocrx_word' id='word_1_285' title='bbox 1099 2490 1216 2528; x_wconf 86' lang='lat' dir='ltr'>addit</span> <span class='ocrx_word' id='word_1_286' title='bbox 1246 2489 1404 2528; x_wconf 90' lang='lat' dir='ltr'>litteras</span> <span class='ocrx_word' id='word_1_287' title='bbox 1439 2490 1674 2529; x_wconf 83' lang='lat' dir='ltr'>Cardinalis</span> <span class='ocrx_word' id='word_1_288' title='bbox 1696 2491 1845 2530; x_wconf 90' lang='lat' dir='ltr'>Patrizi</span> <span class='ocrx_word' id='word_1_289' title='bbox 1878 2491 2086 2532; x_wconf 88' lang='lat' dir='ltr'>secretarii</span> 
     </span>
     <span class='ocr_line' id='line_1_29' title="bbox 251 2553 2082 2606; baseline -0.001 -10"><span class='ocrx_word' id='word_1_290' title='bbox 251 2556 398 2596; x_wconf 82' lang='lat' dir='ltr'>S.C.S.</span> <span class='ocrx_word' id='word_1_291' title='bbox 437 2555 574 2596; x_wconf 86' lang='lat' dir='ltr'>Officii</span> <span class='ocrx_word' id='word_1_292' title='bbox 609 2556 660 2594; x_wconf 85' lang='lat' dir='ltr'>ad</span> <span class='ocrx_word' id='word_1_293' title='bbox 702 2554 966 2593; x_wconf 84' lang='lat' dir='ltr'>Cardinalem</span> <span class='ocrx_word' id='word_1_294' title='bbox 1005 2554 1211 2606; x_wconf 85' lang='lat' dir='ltr'>Manning</span> <span class='ocrx_word' id='word_1_295' title='bbox 1241 2565 1292 2604; x_wconf 86' lang='lat'>30</span> <span class='ocrx_word' id='word_1_296' title='bbox 1327 2555 1429 2605; x_wconf 90' lang='lat' dir='ltr'>Apr.</span> <span class='ocrx_word' id='word_1_297' title='bbox 1459 2553 1561 2605; x_wconf 87' lang='lat'>1875</span> <span class='ocrx_word' id='word_1_298' title='bbox 1592 2555 1721 2594; x_wconf 87' lang='lat' dir='ltr'>datas.</span> <span class='ocrx_word' id='word_1_299' title='bbox 1785 2555 1937 2595; x_wconf 87' lang='lat' dir='ltr'>Confer</span> <span class='ocrx_word' id='word_1_300' title='bbox 1957 2556 2082 2597; x_wconf 91' lang='lat' dir='ltr'>etiam</span> 
     </span>
     <span class='ocr_line' id='line_1_30' title="bbox 247 2617 2083 2672; baseline 0 -13"><span class='ocrx_word' id='word_1_301' title='bbox 247 2621 383 2659; x_wconf 76' lang='lat' dir='ltr'>Revue</span> <span class='ocrx_word' id='word_1_302' title='bbox 401 2619 758 2670; x_wconf 71' lang='lat' dir='ltr'>Angla-Romaim</span> <span class='ocrx_word' id='word_1_303' title='bbox 778 2624 876 2657; x_wconf 88' lang='lat' dir='ltr'>tom.</span> <span class='ocrx_word' id='word_1_304' title='bbox 903 2618 1004 2669; x_wconf 91' lang='lat' dir='ltr'>ipp.</span> <span class='ocrx_word' id='word_1_305' title='bbox 1031 2617 1243 2668; x_wconf 87' lang='lat'>369—375</span> <span class='ocrx_word' id='word_1_306' title='bbox 1281 2617 1420 2666; x_wconf 92' lang='lat'>(1896)</span> <span class='ocrx_word' id='word_1_307' title='bbox 1456 2631 1504 2657; x_wconf 86' lang='lat' dir='ltr'>ex</span> <span class='ocrx_word' id='word_1_308' title='bbox 1539 2631 1620 2670; x_wconf 90' lang='lat' dir='ltr'>qua</span> <span class='ocrx_word' id='word_1_309' title='bbox 1655 2619 1904 2658; x_wconf 83' lang='lat' dir='ltr'>Collectanea</span> <span class='ocrx_word' id='word_1_310' title='bbox 1932 2619 2083 2672; x_wconf 89' lang='lat' dir='ltr'>Propa-</span> 
     </span>
     <span class='ocr_line' id='line_1_31' title="bbox 248 2681 2078 2736; baseline 0 -13"><span class='ocrx_word' id='word_1_311' title='bbox 248 2685 381 2723; x_wconf 89' lang='lat' dir='ltr'>andae</span> <span class='ocrx_word' id='word_1_312' title='bbox 410 2683 597 2730; x_wconf 89' lang='lat' dir='ltr'>citamus,</span> <span class='ocrx_word' id='word_1_313' title='bbox 621 2690 660 2722; x_wconf 90' lang='lat' dir='ltr'>et</span> <span class='ocrx_word' id='word_1_314' title='bbox 692 2684 743 2722; x_wconf 90' lang='lat' dir='ltr'>A.</span> <span class='ocrx_word' id='word_1_315' title='bbox 771 2681 1019 2720; x_wconf 90' lang='lat' dir='ltr'>Boudinhon</span> <span class='ocrx_word' id='word_1_316' title='bbox 1053 2682 1094 2720; x_wconf 90' lang='lat' dir='ltr'>in</span> <span class='ocrx_word' id='word_1_317' title='bbox 1128 2683 1186 2720; x_wconf 84' lang='lat' dir='ltr'>Le</span> <span class='ocrx_word' id='word_1_318' title='bbox 1209 2683 1426 2720; x_wconf 74' lang='lat' dir='ltr'>Canom&#39;ste</span> <span class='ocrx_word' id='word_1_319' title='bbox 1448 2683 1758 2733; x_wconf 79' lang='lat' dir='ltr'>Contemporaz&#39;n</span> <span class='ocrx_word' id='word_1_320' title='bbox 1779 2687 1879 2723; x_wconf 89' lang='lat' dir='ltr'>tom.</span> <span class='ocrx_word' id='word_1_321' title='bbox 1911 2693 1974 2722; x_wconf 85' lang='lat' dir='ltr'>XX</span> <span class='ocrx_word' id='word_1_322' title='bbox 2009 2697 2078 2736; x_wconf 82' lang='lat' dir='ltr'>pp.</span> 
     </span>
     <span class='ocr_line' id='line_1_32' title="bbox 251 2746 2084 2799; baseline 0 -12"><span class='ocrx_word' id='word_1_323' title='bbox 251 2757 397 2799; x_wconf 89' lang='lat'>5—10,</span> <span class='ocrx_word' id='word_1_324' title='bbox 433 2748 545 2786; x_wconf 87' lang='lat' dir='ltr'>Paris</span> <span class='ocrx_word' id='word_1_325' title='bbox 584 2747 698 2796; x_wconf 90' lang='lat'>1897,</span> <span class='ocrx_word' id='word_1_326' title='bbox 737 2746 806 2797; x_wconf 88' lang='lat' dir='ltr'>qui</span> <span class='ocrx_word' id='word_1_327' title='bbox 841 2747 1043 2797; x_wconf 86' lang='lat' dir='ltr'>quaedam</span> <span class='ocrx_word' id='word_1_328' title='bbox 1077 2746 1157 2784; x_wconf 85' lang='lat' dir='ltr'>alia</span> <span class='ocrx_word' id='word_1_329' title='bbox 1193 2746 1352 2784; x_wconf 89' lang='lat' dir='ltr'>Romae</span> <span class='ocrx_word' id='word_1_330' title='bbox 1386 2753 1568 2785; x_wconf 88' lang='lat' dir='ltr'>recenter</span> <span class='ocrx_word' id='word_1_331' title='bbox 1603 2746 1715 2786; x_wconf 88' lang='lat' dir='ltr'>edita</span> <span class='ocrx_word' id='word_1_332' title='bbox 1741 2747 1868 2787; x_wconf 86' lang='lat' dir='ltr'>addit.</span> <span class='ocrx_word' id='word_1_333' title='bbox 1928 2747 2004 2787; x_wconf 91' lang='lat' dir='ltr'>Ph.</span> <span class='ocrx_word' id='word_1_334' title='bbox 2030 2748 2084 2788; x_wconf 89' lang='lat' dir='ltr'>de</span> 
     </span>
     <span class='ocr_line' id='line_1_33' title="bbox 250 2809 2084 2864; baseline 0.001 -13"><span class='ocrx_word' id='word_1_335' title='bbox 250 2813 521 2852; x_wconf 87' lang='lat' dir='ltr'>Carboneano</span> <span class='ocrx_word' id='word_1_336' title='bbox 542 2811 847 2863; x_wconf 87' lang='lat' dir='ltr'>responsionem</span> <span class='ocrx_word' id='word_1_337' title='bbox 868 2810 943 2849; x_wconf 92' lang='lat' dir='ltr'>sub</span> <span class='ocrx_word' id='word_1_338' title='bbox 963 2809 1029 2849; x_wconf 91' lang='lat' dir='ltr'>die</span> <span class='ocrx_word' id='word_1_339' title='bbox 1054 2820 1102 2848; x_wconf 94' lang='lat'>10</span> <span class='ocrx_word' id='word_1_340' title='bbox 1121 2809 1276 2862; x_wconf 90' lang='lat' dir='ltr'>Aprilis</span> <span class='ocrx_word' id='word_1_341' title='bbox 1294 2810 1377 2859; x_wconf 87' lang='lat' dir='ltr'>(i.e.</span> <span class='ocrx_word' id='word_1_342' title='bbox 1399 2810 1497 2850; x_wconf 91' lang='lat' dir='ltr'>feria</span> <span class='ocrx_word' id='word_1_343' title='bbox 1518 2811 1564 2858; x_wconf 83' lang='lat' dir='ltr'>v)</span> <span class='ocrx_word' id='word_1_344' title='bbox 1586 2811 1722 2859; x_wconf 89' lang='lat' dir='ltr'>refert,</span> <span class='ocrx_word' id='word_1_345' title='bbox 1745 2824 1867 2863; x_wconf 90' lang='lat' dir='ltr'>quem</span> <span class='ocrx_word' id='word_1_346' title='bbox 1901 2811 2084 2864; x_wconf 83' lang='lat' dir='ltr'>sequitur</span> 
     </span>
     <span class='ocr_line' id='line_1_34' title="bbox 249 2873 2082 2928; baseline 0.001 -14"><span class='ocrx_word' id='word_1_347' title='bbox 249 2876 467 2927; x_wconf 88' lang='lat' dir='ltr'>Manning,</span> <span class='ocrx_word' id='word_1_348' title='bbox 491 2889 565 2915; x_wconf 89' lang='lat' dir='ltr'>nec</span> <span class='ocrx_word' id='word_1_349' title='bbox 586 2881 785 2927; x_wconf 86' lang='lat' dir='ltr'>repugnat</span> <span class='ocrx_word' id='word_1_350' title='bbox 807 2873 966 2912; x_wconf 88' lang='lat' dir='ltr'>Patrizi.</span> <span class='ocrx_word' id='word_1_351' title='bbox 1030 2873 1261 2924; x_wconf 87' lang='lat' dir='ltr'>Responsio</span> <span class='ocrx_word' id='word_1_352' title='bbox 1295 2873 1392 2912; x_wconf 87' lang='lat' dir='ltr'>anni</span> <span class='ocrx_word' id='word_1_353' title='bbox 1429 2873 1532 2913; x_wconf 90' lang='lat'>1860</span> <span class='ocrx_word' id='word_1_354' title='bbox 1562 2882 1603 2914; x_wconf 92' lang='lat' dir='ltr'>et</span> <span class='ocrx_word' id='word_1_355' title='bbox 1643 2875 1891 2914; x_wconf 84' lang='lat' dir='ltr'>Collectanea</span> <span class='ocrx_word' id='word_1_356' title='bbox 1927 2875 2082 2928; x_wconf 86' lang='lat' dir='ltr'>Propa-</span> 
     </span>
     <span class='ocr_line' id='line_1_35' title="bbox 250 2939 1024 2996; baseline -0.004 -17"><span class='ocrx_word' id='word_1_357' title='bbox 250 2941 411 2991; x_wconf 86' lang='lat' dir='ltr'>gandae</span> <span class='ocrx_word' id='word_1_358' title='bbox 431 2940 549 2996; x_wconf 74' lang='lat' dir='ltr'>diem⁸</span> <span class='ocrx_word' id='word_1_359' title='bbox 562 2951 587 2989; x_wconf 92' lang='lat'>9</span> <span class='ocrx_word' id='word_1_360' title='bbox 608 2939 762 2990; x_wconf 89' lang='lat' dir='ltr'>Aprilis</span> <span class='ocrx_word' id='word_1_361' title='bbox 783 2943 1024 2977; x_wconf 88' lang='lat' dir='ltr'>memorant.</span> 
     </span>
    </p>

    <p class='ocr_par' dir='ltr' id='par_1_5' title="bbox 252 3001 2083 3118">
     <span class='ocr_line' id='line_1_36' title="bbox 301 3001 2083 3056; baseline -0.001 -12"><span class='ocrx_word' id='word_1_362' title='bbox 301 3006 412 3056; x_wconf 90' lang='lat' dir='ltr'>App.</span> <span class='ocrx_word' id='word_1_363' title='bbox 437 3003 451 3026; x_wconf 80' lang='lat'>⁴</span> <span class='ocrx_word' id='word_1_364' title='bbox 479 3003 764 3044; x_wconf 90' lang='lat' dir='ltr'>Ordinationis</span> <span class='ocrx_word' id='word_1_365' title='bbox 796 3002 971 3041; x_wconf 87' lang='lat' dir='ltr'>formam</span> <span class='ocrx_word' id='word_1_366' title='bbox 1002 3002 1295 3053; x_wconf 88' lang='lat' dir='ltr'>Aethiopicam</span> <span class='ocrx_word' id='word_1_367' title='bbox 1326 3015 1400 3054; x_wconf 91' lang='lat' dir='ltr'>pro</span> <span class='ocrx_word' id='word_1_368' title='bbox 1432 3003 1671 3054; x_wconf 89' lang='lat' dir='ltr'>presbytero</span> <span class='ocrx_word' id='word_1_369' title='bbox 1709 3003 1992 3056; x_wconf 83' lang='lat' dir='ltr'>subiungimus</span> <span class='ocrx_word' id='word_1_370' title='bbox 2029 3001 2083 3044; x_wconf 85' lang='lat' dir='ltr'>ab</span> 
     </span>
     <span class='ocr_line' id='line_1_37' title="bbox 252 3066 1686 3118; baseline -0.001 -10"><span class='ocrx_word' id='word_1_371' title='bbox 252 3069 430 3108; x_wconf 88' lang='lat' dir='ltr'>Ludolfo</span> <span class='ocrx_word' id='word_1_372' title='bbox 451 3082 559 3108; x_wconf 87' lang='lat' dir='ltr'>anno</span> <span class='ocrx_word' id='word_1_373' title='bbox 585 3068 681 3116; x_wconf 90' lang='lat'>1691</span> <span class='ocrx_word' id='word_1_374' title='bbox 707 3067 861 3106; x_wconf 84' lang='lat' dir='ltr'>editam</span> <span class='ocrx_word' id='word_1_375' title='bbox 887 3067 1096 3105; x_wconf 65' lang='lat' dir='ltr'>Commeat</span> <span class='ocrx_word' id='word_1_376' title='bbox 1113 3067 1158 3104; x_wconf 84' lang='lat' dir='ltr'>in</span> <span class='ocrx_word' id='word_1_377' title='bbox 1178 3067 1287 3105; x_wconf 71' lang='lat' dir='ltr'>ffi&#39;st.</span> <span class='ocrx_word' id='word_1_378' title='bbox 1314 3067 1432 3107; x_wconf 77' lang='lat' dir='ltr'>Aetlc.</span> <span class='ocrx_word' id='word_1_379' title='bbox 1458 3080 1497 3118; x_wconf 90' lang='lat' dir='ltr'>p.</span> <span class='ocrx_word' id='word_1_380' title='bbox 1525 3066 1602 3118; x_wconf 85' lang='lat'>328</span> <span class='ocrx_word' id='word_1_381' title='bbox 1622 3081 1686 3106; x_wconf 86' lang='lat'>:—</span> 
     </span>
    </p>

    <p class='ocr_par' dir='ltr' id='par_1_6' title="bbox 248 3130 2082 3617">
     <span class='ocr_line' id='line_1_38' title="bbox 306 3130 2079 3183; baseline -0.001 -11"><span class='ocrx_word' id='word_1_382' title='bbox 306 3134 464 3172; x_wconf 89' lang='lat' dir='ltr'>“Deus</span> <span class='ocrx_word' id='word_1_383' title='bbox 494 3133 566 3180; x_wconf 89' lang='lat' dir='ltr'>mi,</span> <span class='ocrx_word' id='word_1_384' title='bbox 605 3133 725 3171; x_wconf 88' lang='lat' dir='ltr'>Pater</span> <span class='ocrx_word' id='word_1_385' title='bbox 757 3131 927 3170; x_wconf 90' lang='lat' dir='ltr'>Domini</span> <span class='ocrx_word' id='word_1_386' title='bbox 963 3137 1002 3170; x_wconf 91' lang='lat' dir='ltr'>et</span> <span class='ocrx_word' id='word_1_387' title='bbox 1039 3130 1264 3170; x_wconf 80' lang='lat' dir='ltr'>salvatoris</span> <span class='ocrx_word' id='word_1_388' title='bbox 1296 3130 1423 3170; x_wconf 90' lang='lat' dir='ltr'>nostri</span> <span class='ocrx_word' id='word_1_389' title='bbox 1455 3131 1554 3182; x_wconf 91' lang='lat' dir='ltr'>Jesu</span> <span class='ocrx_word' id='word_1_390' title='bbox 1587 3131 1755 3179; x_wconf 87' lang='lat' dir='ltr'>Christi,</span> <span class='ocrx_word' id='word_1_391' title='bbox 1781 3130 1939 3183; x_wconf 87' lang='lat' dir='ltr'>respice</span> <span class='ocrx_word' id='word_1_392' title='bbox 1970 3131 2079 3172; x_wconf 91' lang='lat' dir='ltr'>hunc</span> 
     </span>
     <span class='ocr_line' id='line_1_39' title="bbox 250 3184 2082 3247; baseline -0.001 -10"><span class='ocrx_word' id='word_1_393' title='bbox 250 3211 411 3237; x_wconf 83' lang='lat' dir='ltr'>servum</span> <span class='ocrx_word' id='word_1_394' title='bbox 439 3203 569 3244; x_wconf 89' lang='lat' dir='ltr'>tuum,</span> <span class='ocrx_word' id='word_1_395' title='bbox 589 3203 627 3235; x_wconf 88' lang='lat' dir='ltr'>et</span> <span class='ocrx_word' id='word_1_396' title='bbox 646 3195 793 3247; x_wconf 87' lang='lat' dir='ltr'>largire</span> <span class='ocrx_word' id='word_1_397' title='bbox 823 3194 883 3233; x_wconf 91' lang='lat' dir='ltr'>illi</span> <span class='ocrx_word' id='word_1_398' title='bbox 913 3194 1102 3246; x_wconf 89' lang='lat' dir='ltr'>spiritum</span> <span class='ocrx_word' id='word_1_399' title='bbox 1134 3184 1291 3246; x_wconf 65' lang='lat' dir='ltr'>gratiae</span> <span class='ocrx_word' id='word_1_400' title='bbox 1318 3199 1358 3233; x_wconf 90' lang='lat' dir='ltr'>et</span> <span class='ocrx_word' id='word_1_401' title='bbox 1378 3194 1595 3234; x_wconf 90' lang='lat' dir='ltr'>consilium</span> <span class='ocrx_word' id='word_1_402' title='bbox 1621 3194 1866 3242; x_wconf 88' lang='lat' dir='ltr'>sanctitatis,</span> <span class='ocrx_word' id='word_1_403' title='bbox 1889 3201 1933 3235; x_wconf 91' lang='lat' dir='ltr'>ut</span> <span class='ocrx_word' id='word_1_404' title='bbox 1953 3195 2082 3247; x_wconf 86' lang='lat' dir='ltr'>possit</span> 
     </span>
     <span class='ocr_line' id='line_1_40' title="bbox 251 3258 2081 3313; baseline -0.001 -13"><span class='ocrx_word' id='word_1_405' title='bbox 251 3275 391 3313; x_wconf 88' lang='lat' dir='ltr'>regere</span> <span class='ocrx_word' id='word_1_406' title='bbox 411 3262 610 3313; x_wconf 89' lang='lat' dir='ltr'>populum</span> <span class='ocrx_word' id='word_1_407' title='bbox 631 3267 744 3299; x_wconf 90' lang='lat' dir='ltr'>tuum</span> <span class='ocrx_word' id='word_1_408' title='bbox 766 3259 807 3298; x_wconf 93' lang='lat' dir='ltr'>in</span> <span class='ocrx_word' id='word_1_409' title='bbox 827 3259 1063 3310; x_wconf 88' lang='lat' dir='ltr'>integritate</span> <span class='ocrx_word' id='word_1_410' title='bbox 1079 3259 1226 3298; x_wconf 91' lang='lat' dir='ltr'>cordis.</span> <span class='ocrx_word' id='word_1_411' title='bbox 1281 3258 1397 3298; x_wconf 89' lang='lat' dir='ltr'>Sicut</span> <span class='ocrx_word' id='word_1_412' title='bbox 1429 3258 1647 3310; x_wconf 88' lang='lat' dir='ltr'>respexisti</span> <span class='ocrx_word' id='word_1_413' title='bbox 1667 3260 1868 3310; x_wconf 89' lang='lat' dir='ltr'>populum</span> <span class='ocrx_word' id='word_1_414' title='bbox 1889 3259 2081 3307; x_wconf 88' lang='lat' dir='ltr'>electum,</span> 
     </span>
     <span class='ocr_line' id='line_1_41' title="bbox 249 3321 2080 3375; baseline -0.001 -12"><span class='ocrx_word' id='word_1_415' title='bbox 249 3331 288 3364; x_wconf 91' lang='lat' dir='ltr'>et</span> <span class='ocrx_word' id='word_1_416' title='bbox 324 3325 526 3363; x_wconf 88' lang='lat' dir='ltr'>mandasti</span> <span class='ocrx_word' id='word_1_417' title='bbox 567 3324 718 3374; x_wconf 91' lang='lat' dir='ltr'>Moysi,</span> <span class='ocrx_word' id='word_1_418' title='bbox 756 3328 800 3361; x_wconf 93' lang='lat' dir='ltr'>ut</span> <span class='ocrx_word' id='word_1_419' title='bbox 831 3322 1002 3374; x_wconf 90' lang='lat' dir='ltr'>eligeret</span> <span class='ocrx_word' id='word_1_420' title='bbox 1039 3321 1234 3367; x_wconf 89' lang='lat' dir='ltr'>seniores,</span> <span class='ocrx_word' id='word_1_421' title='bbox 1260 3334 1364 3372; x_wconf 90' lang='lat' dir='ltr'>quos</span> <span class='ocrx_word' id='word_1_422' title='bbox 1398 3321 1609 3372; x_wconf 89' lang='lat' dir='ltr'>replevisti</span> <span class='ocrx_word' id='word_1_423' title='bbox 1639 3323 1787 3361; x_wconf 90' lang='lat' dir='ltr'>eodem</span> <span class='ocrx_word' id='word_1_424' title='bbox 1821 3322 1967 3374; x_wconf 88' lang='lat' dir='ltr'>spiritu</span> <span class='ocrx_word' id='word_1_425' title='bbox 1997 3335 2080 3375; x_wconf 89' lang='lat' dir='ltr'>quo</span> 
     </span>
     <span class='ocr_line' id='line_1_42' title="bbox 249 3384 2078 3436; baseline -0.001 -9"><span class='ocrx_word' id='word_1_426' title='bbox 249 3388 476 3427; x_wconf 87' lang='lat' dir='ltr'>donaveras</span> <span class='ocrx_word' id='word_1_427' title='bbox 497 3401 657 3427; x_wconf 88' lang='lat' dir='ltr'>servum</span> <span class='ocrx_word' id='word_1_428' title='bbox 678 3392 793 3426; x_wconf 92' lang='lat' dir='ltr'>tuum</span> <span class='ocrx_word' id='word_1_429' title='bbox 814 3392 854 3425; x_wconf 90' lang='lat' dir='ltr'>et</span> <span class='ocrx_word' id='word_1_430' title='bbox 875 3385 1072 3424; x_wconf 89' lang='lat' dir='ltr'>famulum</span> <span class='ocrx_word' id='word_1_431' title='bbox 1093 3392 1208 3424; x_wconf 93' lang='lat' dir='ltr'>tuum</span> <span class='ocrx_word' id='word_1_432' title='bbox 1233 3385 1419 3436; x_wconf 88' lang='lat' dir='ltr'>Moysen.</span> <span class='ocrx_word' id='word_1_433' title='bbox 1475 3385 1601 3424; x_wconf 90' lang='lat' dir='ltr'>Nunc</span> <span class='ocrx_word' id='word_1_434' title='bbox 1621 3391 1777 3434; x_wconf 88' lang='lat' dir='ltr'>autem,</span> <span class='ocrx_word' id='word_1_435' title='bbox 1802 3385 1986 3425; x_wconf 88' lang='lat' dir='ltr'>Domine</span> <span class='ocrx_word' id='word_1_436' title='bbox 2004 3384 2078 3434; x_wconf 88' lang='lat' dir='ltr'>mi,</span> 
     </span>
     <span class='ocr_line' id='line_1_43' title="bbox 250 3449 2081 3503; baseline -0.001 -12"><span class='ocrx_word' id='word_1_437' title='bbox 250 3453 303 3491; x_wconf 89' lang='lat' dir='ltr'>da</span> <span class='ocrx_word' id='word_1_438' title='bbox 336 3452 401 3491; x_wconf 90' lang='lat' dir='ltr'>isti</span> <span class='ocrx_word' id='word_1_439' title='bbox 433 3465 549 3491; x_wconf 87' lang='lat' dir='ltr'>servo</span> <span class='ocrx_word' id='word_1_440' title='bbox 579 3459 651 3491; x_wconf 87' lang='lat' dir='ltr'>tuo</span> <span class='ocrx_word' id='word_1_441' title='bbox 683 3451 858 3503; x_wconf 87' lang='lat' dir='ltr'>gratiam</span> <span class='ocrx_word' id='word_1_442' title='bbox 890 3463 997 3502; x_wconf 90' lang='lat' dir='ltr'>quae</span> <span class='ocrx_word' id='word_1_443' title='bbox 1031 3463 1243 3501; x_wconf 89' lang='lat' dir='ltr'>nunquam</span> <span class='ocrx_word' id='word_1_444' title='bbox 1275 3449 1445 3488; x_wconf 90' lang='lat' dir='ltr'>deficit·</span> <span class='ocrx_word' id='word_1_445' title='bbox 1477 3461 1725 3489; x_wconf 88' lang='lat' dir='ltr'>conservans</span> <span class='ocrx_word' id='word_1_446' title='bbox 1755 3450 1877 3489; x_wconf 91' lang='lat' dir='ltr'>nobis</span> <span class='ocrx_word' id='word_1_447' title='bbox 1907 3450 2081 3502; x_wconf 86' lang='lat' dir='ltr'>gratiam</span> 
     </span>
     <span class='ocr_line' id='line_1_44' title="bbox 248 3513 2080 3585; baseline -0.001 -31"><span class='ocrx_word' id='word_1_448' title='bbox 248 3515 412 3566; x_wconf 87' lang='lat' dir='ltr'>spiritus</span> <span class='ocrx_word' id='word_1_449' title='bbox 450 3516 507 3553; x_wconf 92' lang='lat' dir='ltr'>tui</span> <span class='ocrx_word' id='word_1_450' title='bbox 546 3522 586 3555; x_wconf 90' lang='lat' dir='ltr'>et</span> <span class='ocrx_word' id='word_1_451' title='bbox 615 3520 919 3566; x_wconf 89' lang='lat' dir='ltr'>competentem</span> <span class='ocrx_word' id='word_1_452' title='bbox 953 3513 1186 3564; x_wconf 89' lang='lat' dir='ltr'>portionem</span> <span class='ocrx_word' id='word_1_453' title='bbox 1218 3519 1429 3560; x_wconf 84' lang='lat' dir='ltr'>nostram;</span> <span class='ocrx_word' id='word_1_454' title='bbox 1459 3514 1656 3565; x_wconf 91' lang='lat' dir='ltr'>supplens</span> <span class='ocrx_word' id='word_1_455' title='bbox 1694 3513 1736 3552; x_wconf 89' lang='lat' dir='ltr'>in</span> <span class='ocrx_word' id='word_1_456' title='bbox 1775 3513 1895 3585; x_wconf 88' lang='lat' dir='ltr'>nobis</span> <span class='ocrx_word' id='word_1_457' title='bbox 1925 3513 2080 3554; x_wconf 89' lang='lat' dir='ltr'>cultum</span> 
     </span>
     <span class='ocr_line' id='line_1_45' title="bbox 251 3575 1418 3623; baseline 0 -8"><span class='ocrx_word' id='word_1_458' title='bbox 251 3587 365 3616; x_wconf 76' lang='lat' dir='ltr'>tuum</span> <span class='ocrx_word' id='word_1_459' title='bbox 386 3578 427 3616; x_wconf 93' lang='lat' dir='ltr'>in</span> <span class='ocrx_word' id='word_1_460' title='bbox 448 3578 584 3623; x_wconf 88' lang='lat' dir='ltr'>corde,</span> <span class='ocrx_word' id='word_1_461' title='bbox 608 3584 652 3617; x_wconf 89' lang='lat' dir='ltr'>ut</span> <span class='ocrx_word' id='word_1_462' title='bbox 672 3578 923 3617; x_wconf 88' lang='lat' dir='ltr'>celebremus</span> <span class='ocrx_word' id='word_1_463' title='bbox 944 3583 983 3616; x_wconf 91' lang='lat' dir='ltr'>te</span> <span class='ocrx_word' id='word_1_464' title='bbox 1003 3577 1173 3616; x_wconf 89' lang='lat' dir='ltr'>sincere.</span> <span class='ocrx_word' id='word_1_465' title='bbox 1226 3577 1304 3615; x_wconf 92' lang='lat' dir='ltr'>Per</span> <span class='ocrx_word' id='word_1_466' title='bbox 1324 3575 1418 3616; x_wconf 88' lang='lat' dir='ltr'>etc.’</span> 
     </span>
    </p>

    <p class='ocr_par' dir='ltr' id='par_1_7' title="bbox 307 3638 2015 3694">
     <span class='ocr_line' id='line_1_46' title="bbox 307 3638 2015 3694; baseline -0.001 -13"><span class='ocrx_word' id='word_1_467' title='bbox 307 3643 455 3681; x_wconf 85' lang='lat' dir='ltr'>Forma</span> <span class='ocrx_word' id='word_1_468' title='bbox 476 3643 528 3679; x_wconf 87' lang='lat' dir='ltr'>ab</span> <span class='ocrx_word' id='word_1_469' title='bbox 548 3642 741 3693; x_wconf 89' lang='lat' dir='ltr'>episcopo</span> <span class='ocrx_word' id='word_1_470' title='bbox 763 3642 809 3680; x_wconf 91' lang='lat' dir='ltr'>L.</span> <span class='ocrx_word' id='word_1_471' title='bbox 838 3642 880 3680; x_wconf 91' lang='lat' dir='ltr'>P.</span> <span class='ocrx_word' id='word_1_472' title='bbox 905 3642 941 3692; x_wconf 89' lang='lat' dir='ltr'>J.</span> <span class='ocrx_word' id='word_1_473' title='bbox 969 3641 1044 3681; x_wconf 92' lang='lat' dir='ltr'>Bel</span> <span class='ocrx_word' id='word_1_474' title='bbox 1065 3640 1237 3692; x_wconf 87' lang='lat' dir='ltr'>repetita</span> <span class='ocrx_word' id='word_1_475' title='bbox 1257 3653 1399 3692; x_wconf 87' lang='lat' dir='ltr'>parum</span> <span class='ocrx_word' id='word_1_476' title='bbox 1423 3641 1558 3681; x_wconf 88' lang='lat' dir='ltr'>differt</span> <span class='ocrx_word' id='word_1_477' title='bbox 1585 3639 1798 3693; x_wconf 88' lang='lat' dir='ltr'>(Estcourt</span> <span class='ocrx_word' id='word_1_478' title='bbox 1820 3654 1861 3693; x_wconf 74' lang='lat' dir='ltr'>p·</span> <span class='ocrx_word' id='word_1_479' title='bbox 1885 3638 2015 3694; x_wconf 80' lang='lat' dir='ltr'>cxiii).</span> 
     </span>
    </p>
   </div>
  </div>
 </body>
</html>
