2216 3964
1105 345 1165 389 14

204 465 363 512 forma
386 465 625 512 iudicium
652 462 757 512 eius
782 479 885 512 non
911 473 1012 512 tam
1038 465 1168 512 clare
1193 457 1478 513 enuntiatur
1492 482 1506 525 3
1542 464 1631 513 sed
1654 463 1904 513 credimus
1928 469 2044 512 eum

204 554 329 600 velle
354 551 518 601 dicere
543 554 750 600 formam
777 568 885 601 esse
914 551 1188 601 orationem
1220 553 1299 601 vel
1335 551 1738 602 benedictionem
1770 549 2048 601 ministerio

205 642 451 690 tradendo
476 639 724 700 idoneam,
745 657 873 703 quae
898 649 1068 689 nostra
1083 639 1233 690 etiarn
1259 639 1504 690 sententia
1529 650 1617 690 est.
1661 641 1840 702 Neque
1855 640 2045 701 Papam

203 731 477 778 deserimus
514 746 630 779 cum
672 731 847 779 suadet
880 729 1209 779 intentionem
1241 729 1480 779 ecclesiae
1514 729 1567 777 in
1600 731 1750 778 sacris
1785 726 2046 778 ordinibus

203 818 532 879 conferendis,
556 822 849 881 “quatenus
873 827 1009 868 extra
1031 817 1300 880 proditur,''
1335 826 1468 867 recte
1498 816 1894 879 investigandam
1918 829 2045 882 esse.

204 909 336 958 Cum
373 908 503 958 enim
542 917 762 958 mentem
803 908 1087 957 interiorem
1121 908 1393 957 sacerdotis
1418 909 1499 956 vix
1540 906 1803 969 quisquam
1838 902 2049 966 adsequi

202 999 372 1060 possit,
402 1006 454 1046 ut
478 998 542 1046 ab
566 1013 625 1047 ea
651 996 952 1047 validitatem
979 998 1275 1047 sacramenti
1310 997 1530 1059 pendere
1552 997 1625 1045 fas
1650 1010 1752 1043 non
1777 995 1840 1042 sit
1863 991 2048 1050 dicere,

200 1087 430 1135 voluntas
490 1095 622 1135 certe
668 1086 908 1135 ecclesiae
949 1095 997 1135 et
1038 1085 1230 1134 facilius
1274 1084 1462 1148 exquiri
1509 1093 1687 1147 potest,
1737 1091 1787 1132 et
1834 1097 1950 1131 vera
1996 1089 2047 1131 et

201 1174 451 1222 sufficiens
498 1190 607 1223 esse
654 1176 818 1223 debet.
891 1176 1034 1236 Quae
1077 1172 1282 1236 quidem
1319 1174 1532 1223 intentio
1556 1174 1618 1221 ab
1643 1172 1853 1221 ecclesia
1875 1177 2048 1219 nostra

204 1261 495 1324 generaliter
534 1264 761 1326 proditur
799 1278 914 1311 cum
956 1263 1338 1325 promissionem
1375 1263 1437 1310 ab
1477 1261 1758 1311 ordinando
1790 1258 1965 1323 exigat,
1991 1266 2047 1307 ut

204 1351 481 1399 doctrinam
525 1361 830 1400 sacramenta
890 1360 939 1400 et
998 1350 1311 1414 disciplinam
1361 1350 1545 1401 Christi
1590 1358 1724 1399 recte
1772 1347 2048 1397 ministrare

201 1441 332 1499 velit,
385 1449 433 1489 et
498 1456 626 1501 eum,
678 1440 763 1503 qui
822 1442 940 1489 huic
1002 1443 1247 1504 promisso
1307 1442 1517 1490 infidum
1573 1456 1627 1490 se
1685 1436 2045 1497 monstraverit,

200 1530 307 1578 iure
341 1530 653 1591 puniendum
701 1530 892 1578 doceat.
991 1532 1053 1578 Et
1095 1530 1147 1578 in
1186 1529 1407 1592 Liturgia
1442 1529 1683 1579 continuo
1719 1543 1920 1577 oramus
1953 1541 2047 1590 pro

200 1618 463 1680 Episcopis
506 1627 557 1667 et
598 1619 832 1667 Parochis
875 1621 977 1666 “ut
1018 1628 1117 1666 tam
1155 1617 1255 1667 vita
1296 1634 1446 1681 quam
1488 1616 1713 1667 doctrina
1748 1633 1836 1666 sua
1870 1631 2040 1667 verum

196 1705 465 1768 vivumque
491 1706 631 1770 (Dei)
667 1706 875 1755 verbum
911 1705 1224 1767 annuntient,
1259 1716 1307 1756 et
1343 1715 1514 1756 sancta
1539 1706 1706 1770 (Eius)
1733 1714 2044 1755 sacramenta

199 1804 335 1843 recte
358 1803 407 1843 et
430 1795 521 1843 rite
546 1793 870 1843 ministrent.''

269 1884 368 1932 Sed
409 1882 619 1932 intentio
662 1885 916 1932 Ecclesiae
954 1886 1243 1946 “quatenus
1278 1891 1414 1932 extra
1448 1884 1700 1946 proditur'’
1734 1884 2040 1946 exquirenda

199 1980 289 2032 est,
329 1987 390 2021 ex
429 1973 650 2021 formulis
687 1971 875 2021 scilicet
909 1971 1120 2036 publicis
1163 1981 1212 2021 et
1251 1971 1508 2021 sententiis
1545 1971 1760 2022 definitis
1802 1987 1930 2035 quae
1969 1973 2042 2021 rei

199 2076 444 2109 summam
460 2070 594 2110 recta
609 2063 689 2110 via
713 2070 943 2124 tangant3
969 2078 1071 2111 non
1091 2078 1150 2111 ex
1170 2061 1521 2111 omissionibus
1541 2070 1589 2111 et
1606 2060 2039 2111 reformationibus

198 2163 286 2209 per
321 2150 637 2198 occasionem
669 2150 824 2208 factiS‚
856 2151 1131 2198 secundum
1150 2150 1428 2200 libertatem
1461 2166 1590 2213 quae
1622 2149 1890 2213 unicuique
1923 2151 2040 2198 Pro-

199 2235 391 2286 vinciae
410 2250 459 2286 et
477 2239 612 2301 genti
629 2237 882 2301 competit,
904 2238 997 2287 nisi
1022 2238 1062 2287 si
1088 2239 1209 2301 quid
1232 2240 1358 2288 forte
1377 2238 1632 2288 omittatur
1647 2241 1785 2301 quod
1809 2240 1859 2287 in
1883 2239 2036 2288 verbo

201 2324 298 2374 Dei
340 2335 425 2374 aut
463 2328 656 2375 statutis
697 2325 953 2376 universae
980 2328 1234 2376 Ecclesiae
1263 2328 1474 2390 cognitis
1498 2336 1546 2376 et
1571 2326 1716 2376 certis
1752 2326 2035 2376 ordinatum

195 2415 354 2463 fuerit.
427 2413 478 2463 Si
502 2416 635 2463 enim
661 2413 1073 2464 consuetudinem
1112 2414 1264 2464 medii
1300 2414 1406 2463 aevi
1443 2424 1491 2463 et
1527 2417 1837 2464 saeculorum
1874 2431 2040 2465 recen-

197 2504 380 2551 tiorum
405 2519 494 2565 pro
519 2519 693 2552 norma
714 2502 824 2566 quis
849 2504 1095 2563 adsumat,
1113 2504 1294 2562 videte,
1314 2504 1502 2563 fratreS,
1524 2519 1674 2565 quam
1694 2512 1867 2552 contra
1890 2503 2036 2567 liber-

198 2597 349 2637 tatem
377 2588 633 2652 Evangelii
669 2598 781 2652 agat
814 2598 863 2638 et
886 2605 1053 2638 veram
1090 2588 1227 2652 regni
1263 2588 1530 2639 Christiani
1571 2589 1807 2639 indolem.
1880 2591 1960 2649 Et,
1997 2589 2038 2640 si

198 2679 335 2725 hunc
370 2679 576 2727 modum
617 2680 667 2726 in
710 2677 961 2727 validitate
1004 2687 1422 2727 sacramentorum
1460 2679 1725 2728 iudicanda
1767 2683 2034 2742 sequimur,

203 2765 373 2815 omnia
413 2768 466 2814 in
514 2767 759 2816 incertum
797 2767 1053 2823 trahimus,
1098 2766 1193 2815 nisi
1234 2768 1396 2815 solum
1439 2766 1708 2830 Bapfisma,
1757 2769 1910 2830 quod,
1952 2783 2034 2817 'se-

202 2856 424 2904 cundum
465 2854 703 2904 iudicium
759 2855 1016 2905 universae
1069 2854 1335 2915 Ecclesiae,
1377 2855 1632 2905 materiam
1669 2865 1718 2905 et
1764 2857 1973 2906 formam
2009 2873 2041 2920 a⁴

202 2944 425 2993 Domino
450 2945 703 2992 ordinatas
732 2944 917 2993 habere
941 2944 1182 2992 videatur.

270 3101 360 3149 IX.
400 3099 729 3162 Agnoscimus
766 3115 880 3163 ergo
911 3114 1022 3147 cum
1060 3100 1194 3161 Papa
1229 3097 1458 3147 ordinum
1495 3114 1744 3148 sacrorum
1780 3099 2034 3150 materiam

199 3205 310 3237 esse
339 3188 708 3251 impositionem
735 3204 973 3236 manuum
996 3206 1006 3236 ε
1042 3180 1355 3250 agnoscimus
1379 3186 1587 3235 formam
1624 3202 1732 3236 esse
1760 3188 2032 3238 orationem

200 3278 281 3324 vel
304 3277 706 3326 benedictionem
742 3274 1014 3324 ministerio
1048 3274 1292 3323 tradendo
1315 3272 1578 3323 idoneam:
1616 3277 1930 3338 agnoscimus
1965 3278 2040 3341 in7

199 3367 476 3413 tentionem
514 3367 766 3423 ecclesiae,
794 3373 1038 3427 quatenus
1066 3371 1200 3412 extra
1233 3361 1470 3424 proditur,
1495 3361 1885 3426 investigandam
1911 3381 2032 3426 esse,

205 3461 257 3499 ut
278 3453 631 3514 perspiciamus
651 3453 824 3502 sicum
844 3462 1013 3502 mente
1031 3450 1239 3500 Domini
1257 3460 1306 3500 et
1321 3453 1692 3514 Apostolorum,
1711 3463 1760 3502 et
1781 3455 2035 3504 Ecclesiae

204 3539 457 3587 universae
483 3543 689 3599 statutiS,
716 3542 1000 3590 concordet.
1073 3541 1190 3588 Non
1216 3548 1383 3589 tamen
1418 3542 1553 3603 apud
1576 3556 1667 3590 nos
1692 3550 1884 3591 tanturn
1908 3544 2038 3592 valet
