2216 3964
1134 370 1192 400 10

288 486 375 535 VI.
430 488 511 538 De
552 487 689 551 praxi
731 487 897 538 curiae
940 497 989 538 et
1027 487 1177 552 legati
1207 491 1425 538 Romani
1461 490 1664 539 saeculo
1698 503 1804 549 xvt,
1844 485 2072 553 quamvis

233 577 390 624 multa
414 576 676 639 scripserit,
705 576 952 626 credimus
978 572 1166 639 Papam
1191 576 1454 627 nobiscum
1480 593 1651 627 revera
1678 593 1786 626 esse
1809 575 2070 626 incertum.

237 662 482 714 Videmus
497 666 631 714 enim
656 666 780 714 nihil
806 681 918 714 eum
941 666 1126 715 habere
1142 666 1279 727 quod
1305 667 1619 715 documentis
1643 667 1740 715 huc
1761 681 1918 728 usque
1939 665 2072 714 bene

232 752 442 814 cognitis
461 754 579 803 addi
599 756 769 816 possit,
791 764 839 803 et
865 770 922 803 ex
947 755 1213 817 exemplari
1232 753 1394 803 minus
1410 757 1630 818 perfecto
1653 753 1838 804 litteras
1849 754 2074 803 PauliIV

235 842 503 890 Praeclara
542 844 789 891 carissimi
821 843 971 892 citare
995 851 1044 892 et
1069 859 1128 892 ex
1154 859 1213 892 eo
1239 843 1501 906 disputare.
1575 842 1680 892 Ubi
1706 852 1832 903 sunt,
1860 842 2076 904 exempli

235 931 402 993 gratia,
439 932 695 980 facultates
745 933 869 979 Polo
903 940 1016 992 post
1051 930 1260 994 Augusti
1300 932 1432 979 diem
1457 948 1488 978 v
1517 944 1642 994 1553
1679 939 1728 979 et
1764 939 1878 979 ante
1902 928 2072 978 Martii

240 1020 373 1069 diern
398 1034 495 1067 vm
528 1034 655 1083 1554
679 1036 959 1079 concessae,
989 1035 1113 1082 quas
1151 1018 1312 1081 Julius
1354 1020 1456 1078 III,
1491 1017 1661 1068 litteris
1698 1019 1794 1068 hoc
1823 1018 1904 1068 die
1929 1018 2070 1078 datis,

242 1108 442 1158 “libere
490 1110 734 1158 utendas''
775 1107 905 1157 circa
963 1107 1161 1157 ordines
1222 1107 1386 1155 minus
1443 1107 1534 1156 rite
1599 1116 1684 1156 aut
1729 1123 1832 1156 non
1879 1115 2071 1156 servata

239 1207 478 1246 consueta
523 1199 680 1246 forma
727 1205 982 1259 susceptos
1026 1197 1303 1255 confirmat,
1349 1211 1450 1244 non
1498 1203 1664 1245 autem
1701 1197 1832 1245 clare
1865 1196 2072 1245 definit?

242 1287 373 1333 Nam
428 1283 533 1334 sine
593 1285 686 1332 illis
734 1284 1050 1334 facultatibus
1102 1286 1352 1332 “normae
1399 1285 1614 1346 agendi''
1661 1301 1691 1333 a
1736 1286 1862 1334 Polo
1908 1286 2071 1335 obser-

238 1374 430 1422 vandae
471 1388 646 1436 parum
688 1380 835 1420 notae
871 1380 999 1420 sunt.
1066 1369 1342 1419 Distinctio
1386 1370 1520 1420 enim
1562 1371 1625 1420 de
1667 1372 1984 1434 “promotis''
2019 1382 2069 1422 et

244 1465 274 1488 “
294 1478 396 1511 non
439 1461 711 1525 promotis''
759 1476 788 1508 a
831 1461 968 1522 Papa
1028 1467 1301 1508 memorata
1346 1458 1395 1524 (ξ
1437 1459 1507 1522 3),
1564 1475 1694 1522 quae
1748 1458 1800 1508 in
1847 1459 2069 1524 utrisque

240 1552 415 1599 litteris
450 1551 518 1610 fit,
569 1565 671 1597 non
721 1557 905 1597 statum
951 1546 1071 1596 cleri
1111 1546 1431 1596 Edwardiani
1475 1546 1684 1596 attinere
1724 1549 1930 1608 videtur,
1979 1549 2069 1599 sed

237 1639 432 1687 illorum
458 1636 544 1700 qui
570 1637 676 1685 sine
702 1637 804 1684 ulla
828 1634 1146 1684 ordinatione
1179 1643 1442 1697 praetensa
1466 1634 1711 1684 beneficia
1735 1645 1976 1697 tenerent,
2011 1645 2067 1686 ut

238 1743 385 1790 saepe
411 1742 471 1775 eo
495 1733 718 1788 ternpore
743 1725 907 1773 fiebat.
973 1724 1100 1785 Quis
1126 1739 1243 1772 vero
1270 1725 1469 1786 penitus
1495 1726 1730 1787 cognovit
1752 1726 1831 1774 vel
1855 1726 1993 1788 quod
2018 1727 2067 1774 in

237 1817 332 1864 hac
374 1831 424 1863 re
470 1815 658 1863 facturn
700 1813 762 1861 sit
811 1814 887 1861 v'el
933 1813 1115 1874 quibus
1158 1828 1218 1861 ex
1265 1811 1542 1861 rationibus
1578 1812 1801 1862 factum?
1870 1815 2064 1863 Partem

236 1906 447 1953 scimus:
484 1912 675 1966 partem
714 1903 979 1951 nescimus.
1053 1903 1099 1949 A
1123 1910 1292 1949 nostra
1322 1910 1489 1950 tamen
1515 1910 1653 1964 parte
1684 1903 1880 1964 probari
1905 1910 2068 1965 potest

237 2009 363 2056 opus
398 1989 812 2041 reconciliationis
837 1988 979 2037 istius
1006 1990 1098 2037 sub
1136 1988 1297 2037 Maria
1320 1991 1490 2052 regina
1521 1990 1576 2052 (a
1611 1989 1725 2038 Iulii
1751 1989 1831 2039 die
1855 2004 1908 2038 VI
1939 2005 2065 2054 1553

235 2082 297 2130 ad
338 2096 448 2128 xvn
491 2081 625 2128 diem
669 2077 968 2127 Novembris
1019 2077 1170 2141 1558)
1205 2079 1499 2126 auctoritate
1540 2077 1672 2141 regia
1708 2086 1758 2127 et
1782 2078 2065 2142 episcopali,

238 2179 352 2219 ante
376 2169 647 2218 adventum
674 2166 796 2226 Poli,
824 2164 1044 2214 maxima
1070 2182 1130 2214 ex
1154 2175 1292 2228 parte
1318 2175 1720 2215 consummatum
1745 2168 1907 2216 fuisse.

305 2261 366 2306 In
392 2273 493 2320 quo
517 2256 831 2305 conficiendo
869 2255 1026 2302 multa
1064 2253 1397 2303 inconstantia
1421 2263 1469 2302 et
1494 2256 1817 2316 inaequalitas
1852 2264 2070 2318 apparet.

233 2352 299 2397 Et
337 2364 451 2396 cum
499 2348 642 2395 multi
690 2346 973 2394 sacerdotes
1017 2343 1350 2404 Edwardiani‚
1378 2353 1580 2407 propter
1617 2344 1772 2394 varias
1811 2361 1984 2395 causas
2020 2354 2071 2395 et

237 2434 527 2500 praesertim
564 2436 629 2483 ob
673 2434 964 2495 coniugium
1009 2431 1184 2480 initum
1228 2431 1543 2481 inveniantur
1579 2432 1833 2496 deprivati‚
1877 2435 1943 2483 ob
1989 2435 2072 2483 de'-

234 2527 420 2574 fectum
446 2522 648 2581 ordinis,
677 2529 919 2584 quantum
946 2518 1146 2580 scimuS,
1175 2518 1313 2568 nulli.
1387 2519 1557 2582 Aliqui
1582 2521 1780 2584 propria
1813 2522 2071 2571 voluntate

235 2611 504 2663 reordinati
528 2621 656 2661 sunt.
723 2611 887 2672 Aliqui
914 2609 1208 2658 unctionem
1235 2619 1561 2672 susceperunt
1586 2608 1638 2657 in
1662 2610 2069 2672 supplementum

239 2701 426 2751 ordinis
450 2702 549 2750 iam
574 2700 754 2760 collati,
783 2714 912 2761 quae
938 2697 1211 2747 cerimonia
1237 2706 1358 2746 tunc
1377 2699 1616 2761 temporis
1643 2698 1810 2760 magni
1830 2699 2072 2748 momenti

237 2807 265 2839 a
291 2790 591 2852 quibusdam
617 2804 676 2837 ex
701 2785 951 2849 episcopis
977 2784 1160 2834 nostris
1187 2785 1500 2834 habebatur.1
1561 2785 1746 2848 Aliqui,
1782 2794 1832 2834 et
1866 2787 2074 2835 fortasse

236 2879 403 2940 plures
429 2892 651 2934 numero,
677 2875 728 2922 in
754 2873 1007 2924 beneficiis
1032 2876 1135 2922 suis
1158 2873 1262 2922 sine
1292 2874 1660 2922 reordinatione
1683 2883 2076 2936 permanserunt,

235 2965 392 3013 immo
439 2964 706 3026 aliquando
744 2963 807 3011 ad
850 2978 978 3011 nova
1019 2962 1234 3024 promoti
1283 2970 1412 3010 sunt.
1506 2962 1656 3010 Polus
1692 2970 1858 3010 autem
1901 2977 2075 3012 mense

234 3055 438 3103 demum
467 3052 738 3100 Novembri
763 3066 896 3099 anno
927 3063 982 3112 15
992 3063 1055 3113 54
1079 3053 1130 3097 in
1155 3050 1389 3112 Angliam
1409 3065 1469 3098 ex
1497 3051 1642 3098 exilio
1667 3066 1891 3099 reversus
1915 3060 2004 3111 est,
2026 3059 2076 3100 et

235 3141 489 3190 mensibus
526 3138 849 3202 sequentibus
874 3137 1165 3201 quindecim
1197 3136 1653 3186 reconciliationem
1689 3137 1754 3186 ad
1789 3139 1942 3187 finem
1966 3152 2072 3201 per-

234 3231 386 3278 duxit.
461 3228 767 3289 Principium
787 3242 905 3275 vero
930 3226 1093 3288 operis
1117 3224 1223 3274 eius
1247 3225 1441 3274 videtur
1465 3226 1615 3274 fuisse
1631 3234 1685 3273 ut
1701 3234 1884 3275 statum
1910 3242 2072 3276 rerum

283 3347 360 3387 VI.
396 3344 408 3370 ¹
429 3347 536 3386 Vide
553 3346 758 3398 Jacobum
789 3344 1032 3395 Pilkington
1063 3343 1370 3394 Exposz'tionem
1403 3348 1527 3393 super
1547 3343 1791 3394 prophetam
1813 3345 1999 3396 Aggeum
2029 3335 2075 3384 iii.

238 3422 409 3460 10—14,
432 3424 537 3462 quae
558 3423 668 3450 anno
693 3409 796 3460 1560
815 3409 926 3448 edita
946 3408 1020 3447 fuit
1042 3407 1212 3455 (Works
1231 3407 1385 3446 Parker
1407 3406 1576 3458 Society
1596 3420 1635 3459 p.
1667 3407 1761 3458 163)
1782 3423 1790 3448 :
1823 3410 1854 3428 “
1871 3407 2078 3448 Proximis

232 3476 487 3526 temporibus
508 3474 719 3526 papisticis
734 3473 918 3526 episcopi
937 3472 1065 3512 nostri
1086 3471 1145 3511 illi
1167 3471 1299 3511 sancti
1320 3484 1390 3510 eos
1410 3484 1554 3511 omnes
1584 3472 1654 3524 qui
1674 3472 1763 3512 sine
1783 3472 1857 3512 tali
1877 3472 2076 3513 unctione

237 3539 411 3578 ministri
431 3539 529 3579 facti
546 3539 719 3578 fuissent
732 3539 785 3577 ad
802 3551 845 3578 se
860 3538 1062 3578 vocabant
1079 3542 1119 3576 et
1140 3535 1432 3576 benedictione
1451 3536 1593 3588 papali
1613 3537 1923 3577 benedicebant
1945 3543 1986 3577 et
2006 3549 2078 3576 un·

235 3603 403 3654 gebant,
427 3609 466 3642 et
487 3603 598 3642 illico
615 3615 678 3642 res
693 3603 883 3642 absoluta
899 3608 959 3642 est
977 3615 986 3641 z
1018 3614 1094 3654 pro
1107 3600 1209 3641 vivis
1226 3606 1266 3640 et
1279 3599 1484 3641 defunctis
1504 3601 1736 3641 sacrificare
1754 3607 1954 3654 poterant
1974 3616 1983 3641 ε
2002 3601 2075 3640 sed

231 3666 290 3706 eis
305 3667 502 3717 coniuges
517 3667 669 3706 ducere
683 3666 802 3706 nullo
815 3667 943 3706 modo
956 3663 1141 3706 licebat'’
1154 3670 1235 3705 etc.
1270 3664 1334 3706 Cf.
1353 3665 1642 3706 Innocentium
1657 3664 1727 3705 ΙΙΙ
1739 3671 1796 3716 q).
1811 3665 1866 3704 vii
1883 3666 1927 3716 3(
1934 3665 2067 3714 1204).
