2216 3964
1008 396 1068 444 41

121 519 258 585 Papa
293 518 497 583 quidem
540 516 763 581 disputat
798 517 1095 567 sententiam
1146 518 1282 566 illam
1330 513 1455 565 nihil
1506 515 1749 566 momenti
1797 532 1825 564 a
1873 524 1965 564 tra-

117 608 324 660 ditionis
358 608 802 657 instrumentorum
843 607 1042 655 defectu
1091 605 1305 664 duxisse,
1337 613 1387 654 et
1424 604 1668 654 rationem
1709 604 1966 667 subiungit

122 700 288 747 “tunc
347 711 482 745 enlm
540 695 897 758 praescriptum
956 694 1022 743 de
1085 709 1221 743 more
1274 701 1405 742 esset
1468 702 1523 741 ut
1569 693 1819 742 ordmatio
1877 693 1964 740 sub

115 786 380 834 conditione
433 783 830 832 instauraretur.''
912 783 1056 844 Quae
1119 780 1484 845 argumentatio
1534 789 1641 829 tum
1694 780 1745 829 in
1801 779 1964 843 seipsa

117 873 296 923 debilis
321 880 408 932 est,
436 881 541 921 tum
565 871 759 921 videtur
793 871 1134 920 demonstrare
1169 870 1472 918 documenta
1508 867 1602 918 ista
1637 867 1761 916 nihil
1796 883 1966 918 revera

118 977 511 1012 commemorare
545 962 608 1011 de
641 976 824 1023 genere
859 961 1102 1019 defectUS,
1129 975 1243 1008 cum
1276 959 1327 1007 id
1361 974 1420 1008 ex
1445 958 1733 1008 coniectura
1769 966 1961 1007 tantum

119 1051 391 1114 colligatur.
466 1051 531 1098 Et
573 1063 810 1112 quaerere
851 1048 984 1107 licet,
1027 1062 1092 1096 an
1134 1062 1301 1096 revera
1336 1047 1420 1095 illo
1459 1056 1683 1109 tempore
1726 1062 1835 1095 mos
1871 1043 1963 1095 iste

123 1137 404 1189 obtinuerit.
478 1137 720 1199 Exempla
754 1135 903 1196 enim,
930 1149 1060 1199 quae
1084 1150 1145 1184 ex
1170 1136 1313 1184 annis
1345 1135 1472 1195 1604
1497 1143 1547 1184 et
1578 1137 1705 1197 1696
1731 1136 1961 1194 citantur,

121 1243 223 1277 non
269 1227 337 1276 de
376 1227 648 1275 cerimonia
686 1223 869 1274 omissa
918 1231 1047 1283 sunt,
1086 1224 1176 1272 sed
1224 1223 1288 1272 de
1336 1223 1632 1286 presbyteris
1680 1224 1743 1273 ad
1790 1225 1965 1272 instru-

121 1324 291 1365 menta
337 1314 580 1364 tradenda
626 1313 690 1362 ab
738 1314 977 1376 episcopo
1016 1313 1277 1361 ordinante
1317 1310 1552 1375 delegatis
1597 1312 1691 1375 (Le
1729 1312 1893 1372 Quien
1931 1310 1964 1359 ii

118 1419 201 1467 pp.
240 1402 547 1466 388—394).
626 1403 777 1450 Anno
829 1402 976 1450 etiam
1026 1402 1153 1462 1708
1213 1416 1328 1448 cum
1377 1399 1694 1462 Capuccinus
1743 1400 1963 1462 quidam,

117 1506 231 1541 cum
269 1488 578 1554 porrectione
617 1497 840 1552 patenae,
878 1488 967 1537 sed
1009 1487 1115 1536 sine
1151 1488 1325 1547 hostia,
1367 1504 1486 1536 casu
1528 1487 1784 1537 ordinatus
1819 1497 1967 1547 esset,

117 1577 337 1629 decrevit
353 1577 685 1642 Congregatio
702 1575 917 1627 Concilii
941 1575 1183 1639 integram
1207 1575 1572 1625 ordinationem
1597 1577 1685 1625 sub
1705 1577 1970 1625 conditione

113 1667 392 1718 iterandam
417 1668 557 1730 quasi
581 1667 646 1716 de
670 1682 721 1715 re
746 1681 876 1715 nova
900 1664 1230 1714 decerneret.²
1301 1667 1420 1714 Hoc
1453 1681 1587 1714 anno
1612 1663 1838 1727 quaestio
1864 1680 1966 1712 non

116 1755 210 1806 fuit
251 1757 316 1806 de
352 1754 622 1805 omissione
659 1756 814 1804 totius
856 1752 1159 1804 cerimoniae
1196 1755 1284 1802 sed
1324 1755 1388 1803 de
1426 1762 1567 1816 parte
1609 1753 1714 1803 eius
1756 1762 1966 1802 tantum.

118 1843 358 1909 Quaestio
398 1845 463 1894 de
504 1841 774 1893 omissione
810 1841 1110 1892 cerimoniae
1158 1842 1378 1905 integrae
1432 1852 1621 1906 postea,
1662 1852 1715 1891 ut
1757 1841 1966 1901 videtur,

115 1933 404 1998 agitabatur,
432 1948 547 1981 cum
575 1931 825 1995 “quidam
867 1930 1148 1981 sacerdotio
1187 1930 1475 1992 initianduS,
1512 1934 1602 1982 etsi
1639 1948 1816 1982 omnes
1852 1948 1968 1981 con-

116 2030 283 2073 suetas
346 2037 585 2070 manuum
657 2021 1001 2083 impositiones
1071 2021 1133 2069 ab
1213 2019 1468 2084 Episcopo
1534 2022 1823 2083 accepisset,
1902 2021 1967 2070 ad

119 2112 428 2174 Episcopum
464 2117 647 2169 tamen,
685 2110 830 2158 solita
883 2111 1103 2159 Patenae
1150 2125 1264 2158 cum
1314 2108 1489 2168 hostia,
1541 2118 1589 2159 et
1633 2108 1815 2161 Calicis
1852 2126 1965 2158 curn

116 2199 236 2247 vino
273 2196 600 2246 instrumenta
642 2197 988 2259 porrigentem,
1027 2196 1091 2244 ad
1127 2195 1223 2244 alia
1258 2205 1378 2244 tunc
1415 2198 1651 2259 temporis
1687 2197 1968 2257 distractuS‚

119 2303 222 2337 non
258 2286 590 2336 accessisset.'’
659 2283 839 2333 Scribit
874 2285 1008 2333 enim
1045 2283 1349 2334 Benedictus
1385 2286 1512 2333 XIV
1544 2284 1594 2333 in
1629 2284 1756 2334 libro
1790 2301 1881 2335 suo
1915 2288 1970 2333 de

123 2375 312 2438 Synodo
349 2373 658 2431 Dt'oecesana,
697 2371 783 2435 qui
825 2374 1021 2422 Romae
1070 2374 1285 2436 primum
1340 2389 1473 2422 anno
1535 2376 1662 2435 1748
1711 2375 1966 2434 edebatur,

118 2463 257 2527 quod
282 2477 427 2526 super
450 2459 792 2524 quaestionem
827 2460 960 2509 illam
1001 2459 1333 2523 “priusquam
1371 2462 1487 2509 huic
1524 2460 1661 2524 operi
1697 2471 1966 2511 extremam

120 2567 324 2602 manum
382 2551 774 2609 admoveremuS,
836 2546 928 2596 fuit
985 2547 1035 2595 in
1095 2549 1243 2597 Sacra
1302 2550 1700 2612 Congregatione
1754 2549 1970 2599 Concilii

119 2639 452 2703 disceptatum
467 2638 492 2659 '²
525 2635 631 2699 (lib.
666 2634 765 2684 viii.
805 2651 911 2698 cap.
951 2636 1019 2699 x).
1096 2638 1174 2685 De
1210 2651 1343 2684 anno
1378 2637 1502 2696 silet,
1541 2638 1629 2686 sed
1666 2636 1782 2686 satis
1818 2639 1970 2702 longo

119 2739 344 2792 tempore
369 2734 481 2790 post
505 2741 705 2774 causam
732 2725 1107 2774 Gordonianam
1133 2725 1326 2774 videtur
1350 2724 1530 2774 fuisse:
1567 2735 1630 2783 et,
1657 2724 1805 2775 etiam
1834 2736 1969 2789 tunc,

121 2815 347 2878 quaestio
377 2828 477 2861 non
514 2819 682 2861 exorta
717 2819 791 2860 est
825 2811 889 2860 de
925 2812 1195 2860 omissione
1231 2810 1530 2860 cerimoniae
1566 2810 1704 2860 istius
1740 2814 1971 2863 consulto

120 2904 252 2952 facta
275 2902 364 2951 sed
388 2901 601 2950 fortuita.
652 2898 703 2949 Si
721 2915 852 2963 erge,
874 2898 1004 2948 circa
1027 2915 1213 2948 annum
1245 2915 1388 2960 1740,
1407 2900 1739 2964 Congregatio
1755 2901 1973 2952 Concilii

121 2993 186 3043 de
218 2991 440 3042 iteranda
481 2988 795 3039 ordinatione
833 2987 979 3037 huius
1014 2988 1085 3038 rei
1118 2991 1272 3052 gratia
1310 2988 1609 3052 disceptaret
1638 2999 1688 3038 et
1724 3007 1826 3040 non
1863 2995 1970 3042 sine

119 3082 285 3144 longo,
312 3087 366 3127 ut
388 3079 597 3136 videtur,
623 3075 833 3126 consilio
855 3080 884 3102 “
902 3076 995 3125 sub
1021 3075 1348 3125 conditione''
1367 3076 1642 3125 iterandam
1662 3078 1970 3137 rescriberet,

122 3183 257 3216 anno
287 3180 415 3228 1704
439 3181 548 3214 mos
573 3167 666 3215 iste
689 3164 768 3214 vix
793 3163 1023 3222 obtinuit.

191 3254 292 3303 Sed
315 3251 635 3302 summarium
662 3260 711 3302 et
727 3252 985 3301 decretum
1005 3252 1054 3300 S.
1072 3250 1250 3309 Officii,
1269 3259 1400 3299 certe
1426 3251 1702 3300 secundum
1727 3250 1964 3316 interpre-

121 3342 360 3391 tationem
386 3356 415 3389 a
439 3339 846 3404 Papasstraditam,
867 3341 948 3387 vix
984 3339 1238 3388 conciliari
1275 3347 1484 3401 possunt
1517 3355 1630 3386 cum
1657 3340 1967 3404 documento

177 3450 287 3503 App.
322 3448 338 3473 2
362 3449 472 3489 Vide
493 3450 538 3488 P.
560 3449 757 3502 Gasparri
787 3448 921 3489 Tract.
940 3448 1123 3488 canonic.
1149 3447 1197 3487 de
1213 3461 1316 3487 sacr.
1341 3449 1521 3487 ordinat.
1547 3462 1627 3489 sec.
1653 3449 1757 3499 1084
1779 3451 1896 3499 (tom.
1922 3452 1965 3495 ii.

122 3527 163 3567 p.
188 3514 283 3562 261,
310 3514 423 3554 Paris
448 3513 581 3563 1894).
650 3513 807 3554 Similis
837 3526 960 3554 causa
989 3513 1042 3552 de
1063 3513 1194 3552 altero
1215 3512 1470 3564 Capuccino,
1494 3513 1765 3563 subdiacono,
1789 3516 1969 3556 resoluta

118 3578 196 3618 fuit
218 3579 271 3618 ab
296 3578 443 3618 eadem
462 3577 797 3629 Congregatione
821 3587 871 3617 10
891 3577 958 3617 die
974 3578 1069 3629 Jan.
1102 3585 1199 3625 1711
1227 3590 1235 3616 :
1264 3577 1360 3617 vide
1390 3578 1643 3617 Thea-aurum
1665 3579 1971 3620 Resolulionmn

125 3648 225 3682 tom.
251 3641 292 3681 ix
313 3647 429 3693 parte
450 3651 488 3690 2,
513 3654 551 3693 p.
584 3642 671 3691 165.
