<?xml version="1.0" encoding="UTF-8"?>
<!DOCTYPE html PUBLIC "-//W3C//DTD XHTML 1.0 Transitional//EN"
    "http://www.w3.org/TR/xhtml1/DTD/xhtml1-transitional.dtd">
<html xmlns="http://www.w3.org/1999/xhtml" xml:lang="en" lang="en">
 <head>
  <title>
</title>
<meta http-equiv="Content-Type" content="text/html;charset=utf-8" />
  <meta name='ocr-system' content='tesseract 3.04.00' />
  <meta name='ocr-capabilities' content='ocr_page ocr_carea ocr_par ocr_line ocrx_word'/>
</head>
<body>
  <div class='ocr_page' id='page_1' title='image "a618709801churuoft_0023.png"; bbox 0 0 2216 3964; ppageno 0'>
   <div class='ocr_carea' id='block_1_1' title="bbox 1046 324 1103 368">
    <p class='ocr_par' dir='ltr' id='par_1_1' title="bbox 1046 324 1103 368">
     <span class='ocr_line' id='line_1_1' title="bbox 1046 324 1103 368; baseline 0 0"><span class='ocrx_word' id='word_1_1' title='bbox 1046 324 1103 368; x_wconf 80' lang='lat'>19</span> 
     </span>
    </p>
   </div>
   <div class='ocr_carea' id='block_1_2' title="bbox 129 438 1998 3502">
    <p class='ocr_par' dir='ltr' id='par_1_2' title="bbox 140 438 1998 767">
     <span class='ocr_line' id='line_1_2' title="bbox 140 438 1998 504; baseline 0.002 -18"><span class='ocrx_word' id='word_1_2' title='bbox 140 440 370 501; x_wconf 75' lang='lat' dir='ltr'>sacrificii</span> <span class='ocrx_word' id='word_1_3' title='bbox 397 438 448 487; x_wconf 87' lang='lat' dir='ltr'>in</span> <span class='ocrx_word' id='word_1_4' title='bbox 473 455 623 488; x_wconf 87' lang='lat' dir='ltr'>cruce</span> <span class='ocrx_word' id='word_1_5' title='bbox 662 439 849 503; x_wconf 86' lang='lat' dir='ltr'>peracti</span> <span class='ocrx_word' id='word_1_6' title='bbox 869 442 895 462; x_wconf 75' lang='lat'>&#39;³</span> <span class='ocrx_word' id='word_1_7' title='bbox 937 439 988 488; x_wconf 91' lang='lat' dir='ltr'>in</span> <span class='ocrx_word' id='word_1_8' title='bbox 1022 441 1313 503; x_wconf 86' lang='lat' dir='ltr'>presbytero</span> <span class='ocrx_word' id='word_1_9' title='bbox 1356 442 1639 491; x_wconf 87' lang='lat' dir='ltr'>ordinando</span> <span class='ocrx_word' id='word_1_10' title='bbox 1684 443 1866 491; x_wconf 87' lang='lat' dir='ltr'>debere</span> <span class='ocrx_word' id='word_1_11' title='bbox 1903 443 1998 504; x_wconf 84' lang='lat' dir='ltr'>sig-</span> 
     </span>
     <span class='ocr_line' id='line_1_3' title="bbox 146 528 1995 592; baseline 0.002 -17"><span class='ocrx_word' id='word_1_12' title='bbox 146 528 350 576; x_wconf 89' lang='lat' dir='ltr'>nificari.</span> <span class='ocrx_word' id='word_1_13' title='bbox 425 529 506 577; x_wconf 91' lang='lat' dir='ltr'>De</span> <span class='ocrx_word' id='word_1_14' title='bbox 532 528 756 591; x_wconf 84' lang='lat' dir='ltr'>episcopi</span> <span class='ocrx_word' id='word_1_15' title='bbox 797 529 1125 578; x_wconf 90' lang='lat' dir='ltr'>consecrandi</span> <span class='ocrx_word' id='word_1_16' title='bbox 1166 532 1325 578; x_wconf 90' lang='lat' dir='ltr'>forma</span> <span class='ocrx_word' id='word_1_17' title='bbox 1351 530 1473 592; x_wconf 89' lang='lat' dir='ltr'>quid</span> <span class='ocrx_word' id='word_1_18' title='bbox 1499 532 1712 579; x_wconf 88' lang='lat' dir='ltr'>voluerit</span> <span class='ocrx_word' id='word_1_19' title='bbox 1738 546 1841 579; x_wconf 94' lang='lat' dir='ltr'>non</span> <span class='ocrx_word' id='word_1_20' title='bbox 1867 531 1995 578; x_wconf 85' lang='lat' dir='ltr'>adeo</span> 
     </span>
     <span class='ocr_line' id='line_1_4' title="bbox 145 614 1993 680; baseline 0.002 -19"><span class='ocrx_word' id='word_1_21' title='bbox 145 615 331 662; x_wconf 89' lang='lat' dir='ltr'>clarum</span> <span class='ocrx_word' id='word_1_22' title='bbox 358 624 452 674; x_wconf 89' lang='lat' dir='ltr'>est,</span> <span class='ocrx_word' id='word_1_23' title='bbox 479 615 568 664; x_wconf 92' lang='lat' dir='ltr'>sed</span> <span class='ocrx_word' id='word_1_24' title='bbox 593 614 800 673; x_wconf 90' lang='lat' dir='ltr'>videtur,</span> <span class='ocrx_word' id='word_1_25' title='bbox 827 617 1106 664; x_wconf 88' lang='lat' dir='ltr'>secundum</span> <span class='ocrx_word' id='word_1_26' title='bbox 1133 616 1433 665; x_wconf 86' lang='lat' dir='ltr'>sententiam</span> <span class='ocrx_word' id='word_1_27' title='bbox 1460 616 1607 676; x_wconf 90' lang='lat' dir='ltr'>illius,</span> <span class='ocrx_word' id='word_1_28' title='bbox 1635 617 1812 680; x_wconf 88' lang='lat' dir='ltr'>quovis</span> <span class='ocrx_word' id='word_1_29' title='bbox 1838 619 1993 666; x_wconf 92' lang='lat' dir='ltr'>modo</span> 
     </span>
     <span class='ocr_line' id='line_1_5' title="bbox 145 702 1594 767; baseline 0.001 -17"><span class='ocrx_word' id='word_1_30' title='bbox 145 704 444 750; x_wconf 88' lang='lat' dir='ltr'>“summurn</span> <span class='ocrx_word' id='word_1_31' title='bbox 471 702 805 752; x_wconf 83' lang='lat' dir='ltr'>sacerdotium</span> <span class='ocrx_word' id='word_1_32' title='bbox 824 705 849 725; x_wconf 88' lang='lat'>&#39;&#39;</span> <span class='ocrx_word' id='word_1_33' title='bbox 873 712 1102 766; x_wconf 84' lang='lat' dir='ltr'>oportere</span> <span class='ocrx_word' id='word_1_34' title='bbox 1129 706 1192 753; x_wconf 90' lang='lat' dir='ltr'>de</span> <span class='ocrx_word' id='word_1_35' title='bbox 1218 720 1279 753; x_wconf 97' lang='lat' dir='ltr'>eo</span> <span class='ocrx_word' id='word_1_36' title='bbox 1305 704 1594 767; x_wconf 89' lang='lat' dir='ltr'>praedicari.</span> 
     </span>
    </p>

    <p class='ocr_par' dir='ltr' id='par_1_3' title="bbox 133 789 1998 1473">
     <span class='ocr_line' id='line_1_6' title="bbox 208 789 1998 853; baseline -0.002 -13"><span class='ocrx_word' id='word_1_37' title='bbox 208 791 492 853; x_wconf 89' lang='lat' dir='ltr'>Utrumque</span> <span class='ocrx_word' id='word_1_38' title='bbox 545 800 713 840; x_wconf 86' lang='lat' dir='ltr'>tamen</span> <span class='ocrx_word' id='word_1_39' title='bbox 764 790 942 840; x_wconf 89' lang='lat' dir='ltr'>mirum</span> <span class='ocrx_word' id='word_1_40' title='bbox 991 800 1080 851; x_wconf 92' lang='lat' dir='ltr'>est,</span> <span class='ocrx_word' id='word_1_41' title='bbox 1136 807 1250 838; x_wconf 88' lang='lat' dir='ltr'>curn</span> <span class='ocrx_word' id='word_1_42' title='bbox 1298 790 1351 838; x_wconf 92' lang='lat' dir='ltr'>in</span> <span class='ocrx_word' id='word_1_43' title='bbox 1393 789 1739 853; x_wconf 86' lang='lat' dir='ltr'>antiquissima</span> <span class='ocrx_word' id='word_1_44' title='bbox 1785 791 1998 839; x_wconf 89' lang='lat' dir='ltr'>formula</span> 
     </span>
     <span class='ocr_line' id='line_1_7' title="bbox 139 879 1995 943; baseline 0 -16"><span class='ocrx_word' id='word_1_45' title='bbox 139 881 334 928; x_wconf 89' lang='lat' dir='ltr'>Romae</span> <span class='ocrx_word' id='word_1_46' title='bbox 372 881 574 929; x_wconf 88' lang='lat' dir='ltr'>saeculo</span> <span class='ocrx_word' id='word_1_47' title='bbox 608 882 754 929; x_wconf 88' lang='lat' dir='ltr'>tertio</span> <span class='ocrx_word' id='word_1_48' title='bbox 795 889 909 943; x_wconf 92' lang='lat' dir='ltr'>post</span> <span class='ocrx_word' id='word_1_49' title='bbox 948 879 1204 931; x_wconf 84' lang='lat' dir='ltr'><strong>Christum</strong></span> <span class='ocrx_word' id='word_1_50' title='bbox 1235 879 1455 939; x_wconf 89' lang='lat' dir='ltr'>ineunte,</span> <span class='ocrx_word' id='word_1_51' title='bbox 1483 888 1538 928; x_wconf 93' lang='lat' dir='ltr'>ut</span> <span class='ocrx_word' id='word_1_52' title='bbox 1562 879 1770 938; x_wconf 89' lang='lat' dir='ltr'>videtur,</span> <span class='ocrx_word' id='word_1_53' title='bbox 1798 881 1995 939; x_wconf 84' lang='lat' dir='ltr'>usitata,</span> 
     </span>
     <span class='ocr_line' id='line_1_8' title="bbox 135 965 1996 1032; baseline 0.001 -18"><span class='ocrx_word' id='word_1_54' title='bbox 135 965 271 1032; x_wconf 86' lang='lat' dir='ltr'>&lt;cum</span> <span class='ocrx_word' id='word_1_55' title='bbox 319 969 497 1017; x_wconf 88' lang='lat' dir='ltr'>eadem</span> <span class='ocrx_word' id='word_1_56' title='bbox 545 970 693 1030; x_wconf 87' lang='lat' dir='ltr'>plane</span> <span class='ocrx_word' id='word_1_57' title='bbox 738 969 896 1016; x_wconf 91' lang='lat' dir='ltr'>forma</span> <span class='ocrx_word' id='word_1_58' title='bbox 945 977 993 1017; x_wconf 87' lang='lat' dir='ltr'>et</span> <span class='ocrx_word' id='word_1_59' title='bbox 1040 984 1131 1031; x_wconf 93' lang='lat' dir='ltr'>pro</span> <span class='ocrx_word' id='word_1_60' title='bbox 1179 967 1421 1030; x_wconf 91' lang='lat' dir='ltr'>episcopo</span> <span class='ocrx_word' id='word_1_61' title='bbox 1469 977 1519 1016; x_wconf 89' lang='lat' dir='ltr'>et</span> <span class='ocrx_word' id='word_1_62' title='bbox 1557 983 1648 1030; x_wconf 90' lang='lat' dir='ltr'>pro</span> <span class='ocrx_word' id='word_1_63' title='bbox 1686 967 1996 1031; x_wconf 80' lang='lat' dir='ltr'>presbytem,</span> 
     </span>
     <span class='ocr_line' id='line_1_9' title="bbox 134 1055 1993 1120; baseline 0 -16"><span class='ocrx_word' id='word_1_64' title='bbox 134 1065 345 1119; x_wconf 85' lang='lat' dir='ltr'>excepto</span> <span class='ocrx_word' id='word_1_65' title='bbox 370 1055 588 1116; x_wconf 89' lang='lat' dir='ltr'>nomine,</span> <span class='ocrx_word' id='word_1_66' title='bbox 615 1056 933 1120; x_wconf 88' lang='lat' dir='ltr'>adhibeatur)</span> <span class='ocrx_word' id='word_1_67' title='bbox 960 1055 1084 1104; x_wconf 90' lang='lat' dir='ltr'>nihil</span> <span class='ocrx_word' id='word_1_68' title='bbox 1109 1057 1319 1104; x_wconf 89' lang='lat' dir='ltr'>omnino</span> <span class='ocrx_word' id='word_1_69' title='bbox 1344 1055 1536 1105; x_wconf 91' lang='lat' dir='ltr'>dictum</span> <span class='ocrx_word' id='word_1_70' title='bbox 1563 1057 1627 1105; x_wconf 90' lang='lat' dir='ltr'>sit</span> <span class='ocrx_word' id='word_1_71' title='bbox 1652 1057 1717 1105; x_wconf 88' lang='lat' dir='ltr'>de</span> <span class='ocrx_word' id='word_1_72' title='bbox 1745 1059 1993 1105; x_wconf 89' lang='lat' dir='ltr'>“summo</span> 
     </span>
     <span class='ocr_line' id='line_1_10' title="bbox 133 1143 1994 1208; baseline 0 -14"><span class='ocrx_word' id='word_1_73' title='bbox 133 1144 414 1194; x_wconf 88' lang='lat' dir='ltr'>sacerdotio</span> <span class='ocrx_word' id='word_1_74' title='bbox 434 1147 459 1167; x_wconf 92' lang='lat'>&#39;&#39;</span> <span class='ocrx_word' id='word_1_75' title='bbox 496 1155 581 1194; x_wconf 88' lang='lat' dir='ltr'>aut</span> <span class='ocrx_word' id='word_1_76' title='bbox 617 1146 681 1195; x_wconf 83' lang='lat' dir='ltr'>de</span> <span class='ocrx_word' id='word_1_77' title='bbox 725 1146 1098 1206; x_wconf 88' lang='lat' dir='ltr'>“sacerdoti0‚&#39;&#39;</span> <span class='ocrx_word' id='word_1_78' title='bbox 1123 1161 1287 1208; x_wconf 87' lang='lat' dir='ltr'>neque</span> <span class='ocrx_word' id='word_1_79' title='bbox 1327 1146 1390 1194; x_wconf 93' lang='lat' dir='ltr'>de</span> <span class='ocrx_word' id='word_1_80' title='bbox 1427 1143 1671 1195; x_wconf 87' lang='lat' dir='ltr'>sacrificio</span> <span class='ocrx_word' id='word_1_81' title='bbox 1697 1145 1919 1208; x_wconf 89' lang='lat' dir='ltr'>corporis</span> <span class='ocrx_word' id='word_1_82' title='bbox 1945 1156 1994 1194; x_wconf 86' lang='lat' dir='ltr'>et</span> 
     </span>
     <span class='ocr_line' id='line_1_11' title="bbox 134 1232 1994 1298; baseline 0.001 -17"><span class='ocrx_word' id='word_1_83' title='bbox 134 1232 388 1296; x_wconf 83' lang='lat' dir='ltr'>sanguinis</span> <span class='ocrx_word' id='word_1_84' title='bbox 413 1233 613 1285; x_wconf 88' lang='lat' dir='ltr'>Christi.</span> <span class='ocrx_word' id='word_1_85' title='bbox 678 1233 989 1284; x_wconf 87' lang='lat' dir='ltr'>“Orationes</span> <span class='ocrx_word' id='word_1_86' title='bbox 1015 1243 1063 1282; x_wconf 90' lang='lat' dir='ltr'>et</span> <span class='ocrx_word' id='word_1_87' title='bbox 1088 1233 1368 1282; x_wconf 85' lang='lat' dir='ltr'>oblationes</span> <span class='ocrx_word' id='word_1_88' title='bbox 1386 1250 1510 1296; x_wconf 88' lang='lat' dir='ltr'>quas</span> <span class='ocrx_word' id='word_1_89' title='bbox 1537 1233 1696 1298; x_wconf 85' lang='lat' dir='ltr'>(Deo)</span> <span class='ocrx_word' id='word_1_90' title='bbox 1722 1235 1894 1283; x_wconf 84' lang='lat' dir='ltr'>offeret</span> <span class='ocrx_word' id='word_1_91' title='bbox 1912 1235 1994 1282; x_wconf 90' lang='lat' dir='ltr'>die</span> 
     </span>
     <span class='ocr_line' id='line_1_12' title="bbox 134 1322 1996 1385; baseline 0.001 -15"><span class='ocrx_word' id='word_1_92' title='bbox 134 1331 388 1385; x_wconf 89' lang='lat' dir='ltr'>noctuque</span> <span class='ocrx_word' id='word_1_93' title='bbox 407 1323 432 1345; x_wconf 87' lang='lat'>&#39;&#39;</span> <span class='ocrx_word' id='word_1_94' title='bbox 479 1324 640 1371; x_wconf 89' lang='lat' dir='ltr'>solum</span> <span class='ocrx_word' id='word_1_95' title='bbox 695 1331 1165 1382; x_wconf 83' lang='lat' dir='ltr'>commemorantur,</span> <span class='ocrx_word' id='word_1_96' title='bbox 1214 1331 1263 1371; x_wconf 89' lang='lat' dir='ltr'>et</span> <span class='ocrx_word' id='word_1_97' title='bbox 1311 1331 1532 1385; x_wconf 85' lang='lat' dir='ltr'>potestas</span> <span class='ocrx_word' id='word_1_98' title='bbox 1580 1324 1645 1372; x_wconf 91' lang='lat' dir='ltr'>ad</span> <span class='ocrx_word' id='word_1_99' title='bbox 1691 1322 1996 1372; x_wconf 85' lang='lat' dir='ltr'>remittenda</span> 
     </span>
     <span class='ocr_line' id='line_1_13' title="bbox 134 1410 623 1473; baseline -0.004 -13"><span class='ocrx_word' id='word_1_100' title='bbox 134 1419 345 1473; x_wconf 89' lang='lat' dir='ltr'>peccata</span> <span class='ocrx_word' id='word_1_101' title='bbox 369 1410 623 1473; x_wconf 83' lang='lat' dir='ltr'>tangitur.1</span> 
     </span>
    </p>

    <p class='ocr_par' dir='ltr' id='par_1_4' title="bbox 129 1499 1995 3142">
     <span class='ocr_line' id='line_1_14' title="bbox 205 1499 1995 1562; baseline 0.001 -15"><span class='ocrx_word' id='word_1_102' title='bbox 205 1501 265 1547; x_wconf 92' lang='lat' dir='ltr'>In</span> <span class='ocrx_word' id='word_1_103' title='bbox 291 1501 681 1549; x_wconf 86' lang='lat' dir='ltr'>Sacramentario</span> <span class='ocrx_word' id='word_1_104' title='bbox 706 1508 873 1549; x_wconf 88' lang='lat' dir='ltr'>autem</span> <span class='ocrx_word' id='word_1_105' title='bbox 891 1499 1044 1549; x_wconf 88' lang='lat' dir='ltr'>veteri</span> <span class='ocrx_word' id='word_1_106' title='bbox 1071 1501 1319 1560; x_wconf 89' lang='lat' dir='ltr'>Romano,</span> <span class='ocrx_word' id='word_1_107' title='bbox 1343 1501 1480 1562; x_wconf 87' lang='lat' dir='ltr'>quod</span> <span class='ocrx_word' id='word_1_108' title='bbox 1507 1502 1710 1549; x_wconf 85' lang='lat' dir='ltr'>saeculo</span> <span class='ocrx_word' id='word_1_109' title='bbox 1737 1516 1789 1548; x_wconf 92' lang='lat' dir='ltr'>V1</span> <span class='ocrx_word' id='word_1_110' title='bbox 1827 1503 1995 1549; x_wconf 82' lang='lat' dir='ltr'>forsan</span> 
     </span>
     <span class='ocr_line' id='line_1_15' title="bbox 130 1587 1988 1653; baseline 0.001 -17"><span class='ocrx_word' id='word_1_111' title='bbox 130 1587 284 1636; x_wconf 87' lang='lat' dir='ltr'>tribui</span> <span class='ocrx_word' id='word_1_112' title='bbox 323 1597 502 1651; x_wconf 88' lang='lat' dir='ltr'>potest,</span> <span class='ocrx_word' id='word_1_113' title='bbox 544 1605 633 1651; x_wconf 87' lang='lat' dir='ltr'>pro</span> <span class='ocrx_word' id='word_1_114' title='bbox 674 1589 971 1653; x_wconf 90' lang='lat' dir='ltr'>presbyteris</span> <span class='ocrx_word' id='word_1_115' title='bbox 1013 1590 1175 1638; x_wconf 88' lang='lat' dir='ltr'>solum</span> <span class='ocrx_word' id='word_1_116' title='bbox 1226 1588 1475 1638; x_wconf 89' lang='lat' dir='ltr'>orationes</span> <span class='ocrx_word' id='word_1_117' title='bbox 1528 1599 1626 1638; x_wconf 84' lang='lat' dir='ltr'>tres</span> <span class='ocrx_word' id='word_1_118' title='bbox 1675 1589 1988 1638; x_wconf 83' lang='lat' dir='ltr'>adhibentur.</span> 
     </span>
     <span class='ocr_line' id='line_1_16' title="bbox 135 1676 1991 1738; baseline 0.001 -14"><span class='ocrx_word' id='word_1_119' title='bbox 135 1677 282 1725; x_wconf 86' lang='lat' dir='ltr'>Duae</span> <span class='ocrx_word' id='word_1_120' title='bbox 329 1685 444 1725; x_wconf 91' lang='lat' dir='ltr'>sunt</span> <span class='ocrx_word' id='word_1_121' title='bbox 496 1676 748 1726; x_wconf 91' lang='lat' dir='ltr'>breviores</span> <span class='ocrx_word' id='word_1_122' title='bbox 795 1693 861 1725; x_wconf 87' lang='lat' dir='ltr'>se.</span> <span class='ocrx_word' id='word_1_123' title='bbox 919 1679 1136 1738; x_wconf 78' lang='lat' dir='ltr'>Oremus,</span> <span class='ocrx_word' id='word_1_124' title='bbox 1186 1678 1483 1726; x_wconf 79' lang='lat' dir='ltr'>dilectissimi</span> <span class='ocrx_word' id='word_1_125' title='bbox 1537 1687 1586 1726; x_wconf 90' lang='lat' dir='ltr'>et</span> <span class='ocrx_word' id='word_1_126' title='bbox 1633 1679 1851 1726; x_wconf 76' lang='lat' dir='ltr'>Exaudi</span> <span class='ocrx_word' id='word_1_127' title='bbox 1894 1696 1991 1738; x_wconf 69' lang='grc' dir='ltr'>πω,</span> 
     </span>
     <span class='ocr_line' id='line_1_17' title="bbox 131 1764 1993 1829; baseline 0.001 -15"><span class='ocrx_word' id='word_1_128' title='bbox 131 1773 182 1814; x_wconf 90' lang='lat' dir='ltr'>et</span> <span class='ocrx_word' id='word_1_129' title='bbox 228 1765 372 1814; x_wconf 89' lang='lat' dir='ltr'>tertia</span> <span class='ocrx_word' id='word_1_130' title='bbox 429 1764 635 1828; x_wconf 85' lang='lat' dir='ltr'>longior,</span> <span class='ocrx_word' id='word_1_131' title='bbox 686 1765 980 1828; x_wconf 89' lang='lat' dir='ltr'>praefationi</span> <span class='ocrx_word' id='word_1_132' title='bbox 1042 1767 1414 1815; x_wconf 86' lang='lat' dir='ltr'>Eucharisticae</span> <span class='ocrx_word' id='word_1_133' title='bbox 1462 1765 1650 1826; x_wconf 83' lang='lat' dir='ltr'>similis,</span> <span class='ocrx_word' id='word_1_134' title='bbox 1701 1783 1830 1829; x_wconf 90' lang='lat' dir='ltr'>quae</span> <span class='ocrx_word' id='word_1_135' title='bbox 1879 1784 1993 1816; x_wconf 86' lang='lat' dir='ltr'>vera</span> 
     </span>
     <span class='ocr_line' id='line_1_18' title="bbox 134 1853 1991 1918; baseline 0.001 -16"><span class='ocrx_word' id='word_1_136' title='bbox 134 1853 428 1904; x_wconf 86' lang='lat' dir='ltr'>Benedictio</span> <span class='ocrx_word' id='word_1_137' title='bbox 451 1863 540 1914; x_wconf 84' lang='lat' dir='ltr'>est,</span> <span class='ocrx_word' id='word_1_138' title='bbox 560 1864 617 1904; x_wconf 65' lang='lat' dir='ltr'>‚et</span> <span class='ocrx_word' id='word_1_139' title='bbox 642 1871 756 1903; x_wconf 92' lang='lat' dir='ltr'>cum</span> <span class='ocrx_word' id='word_1_140' title='bbox 783 1854 1106 1918; x_wconf 89' lang='lat' dir='ltr'>impositione</span> <span class='ocrx_word' id='word_1_141' title='bbox 1136 1871 1376 1903; x_wconf 89' lang='lat' dir='ltr'>manuum</span> <span class='ocrx_word' id='word_1_142' title='bbox 1404 1855 1522 1903; x_wconf 88' lang='lat' dir='ltr'>olim</span> <span class='ocrx_word' id='word_1_143' title='bbox 1550 1854 1835 1916; x_wconf 88' lang='lat' dir='ltr'>coniuncta,</span> <span class='ocrx_word' id='word_1_144' title='bbox 1863 1872 1991 1918; x_wconf 86' lang='lat' dir='ltr'>quae</span> 
     </span>
     <span class='ocr_line' id='line_1_19' title="bbox 130 1941 1989 2006; baseline -0.001 -14"><span class='ocrx_word' id='word_1_145' title='bbox 130 1941 308 2006; x_wconf 89' lang='lat' dir='ltr'>incipit</span> <span class='ocrx_word' id='word_1_146' title='bbox 350 1944 563 1991; x_wconf 80' lang='lat' dir='ltr'>Domine</span> <span class='ocrx_word' id='word_1_147' title='bbox 601 1951 758 1991; x_wconf 80' lang='lat' dir='ltr'>sancte</span> <span class='ocrx_word' id='word_1_148' title='bbox 782 1950 931 2005; x_wconf 76' lang='lat' dir='ltr'>pater</span> <span class='ocrx_word' id='word_1_149' title='bbox 966 1945 1269 2005; x_wconf 75' lang='lat' dir='ltr'>omnipotens,</span> <span class='ocrx_word' id='word_1_150' title='bbox 1319 1950 1507 1992; x_wconf 74' lang='lat' dir='ltr'>aeterne</span> <span class='ocrx_word' id='word_1_151' title='bbox 1550 1946 1704 2002; x_wconf 85' lang='lat' dir='ltr'>Deus,</span> <span class='ocrx_word' id='word_1_152' title='bbox 1755 1946 1989 1992; x_wconf 77' lang='lat' dir='ltr'>honorum</span> 
     </span>
     <span class='ocr_line' id='line_1_20' title="bbox 130 2031 1987 2095; baseline 0.001 -16"><span class='ocrx_word' id='word_1_153' title='bbox 130 2033 362 2092; x_wconf 84' lang='lat' dir='ltr'>omnium,</span> <span class='ocrx_word' id='word_1_154' title='bbox 387 2041 480 2081; x_wconf 92' lang='lat' dir='ltr'>etc.</span> <span class='ocrx_word' id='word_1_155' title='bbox 555 2034 698 2095; x_wconf 85' lang='lat' dir='ltr'>Quae</span> <span class='ocrx_word' id='word_1_156' title='bbox 723 2031 971 2081; x_wconf 89' lang='lat' dir='ltr'>orationes</span> <span class='ocrx_word' id='word_1_157' title='bbox 995 2048 1024 2080; x_wconf 91' lang='lat' dir='ltr'>a</span> <span class='ocrx_word' id='word_1_158' title='bbox 1048 2032 1249 2081; x_wconf 88' lang='lat' dir='ltr'>saeculo</span> <span class='ocrx_word' id='word_1_159' title='bbox 1274 2042 1413 2081; x_wconf 83' lang='lat' dir='ltr'>sexto</span> <span class='ocrx_word' id='word_1_160' title='bbox 1440 2033 1503 2080; x_wconf 91' lang='lat' dir='ltr'>ad</span> <span class='ocrx_word' id='word_1_161' title='bbox 1524 2048 1730 2092; x_wconf 88' lang='lat' dir='ltr'>nonum,</span> <span class='ocrx_word' id='word_1_162' title='bbox 1749 2042 1798 2081; x_wconf 89' lang='lat' dir='ltr'>et</span> <span class='ocrx_word' id='word_1_163' title='bbox 1823 2034 1987 2081; x_wconf 85' lang='lat' dir='ltr'>forsan</span> 
     </span>
     <span class='ocr_line' id='line_1_21' title="bbox 131 2119 1986 2191; baseline 0 -23"><span class='ocrx_word' id='word_1_164' title='bbox 131 2121 272 2181; x_wconf 89' lang='lat' dir='ltr'>ultra,</span> <span class='ocrx_word' id='word_1_165' title='bbox 299 2119 404 2170; x_wconf 91' lang='lat' dir='ltr'>sine</span> <span class='ocrx_word' id='word_1_166' title='bbox 429 2119 540 2169; x_wconf 89' lang='lat' dir='ltr'>ullis</span> <span class='ocrx_word' id='word_1_167' title='bbox 565 2120 671 2170; x_wconf 90' lang='lat' dir='ltr'>aliis</span> <span class='ocrx_word' id='word_1_168' title='bbox 695 2120 991 2181; x_wconf 88' lang='lat' dir='ltr'>cerimoniis,</span> <span class='ocrx_word' id='word_1_169' title='bbox 1019 2129 1180 2191; x_wconf 85' lang='lat' dir='ltr'>toturn</span> <span class='ocrx_word' id='word_1_170' title='bbox 1223 2119 1370 2168; x_wconf 89' lang='lat' dir='ltr'>ritum</span> <span class='ocrx_word' id='word_1_171' title='bbox 1408 2122 1678 2183; x_wconf 86' lang='lat' dir='ltr'>presbyteri</span> <span class='ocrx_word' id='word_1_172' title='bbox 1721 2120 1986 2170; x_wconf 85' lang='lat' dir='ltr'>ordinandi</span> 
     </span>
     <span class='ocr_line' id='line_1_22' title="bbox 130 2208 1985 2271; baseline -0.001 -13"><span class='ocrx_word' id='word_1_173' title='bbox 130 2208 183 2258; x_wconf 92' lang='lat' dir='ltr'>in</span> <span class='ocrx_word' id='word_1_174' title='bbox 257 2211 466 2259; x_wconf 89' lang='lat' dir='ltr'>ecclesia</span> <span class='ocrx_word' id='word_1_175' title='bbox 542 2212 771 2258; x_wconf 85' lang='lat' dir='ltr'>Romana</span> <span class='ocrx_word' id='word_1_176' title='bbox 845 2208 1186 2258; x_wconf 85' lang='lat' dir='ltr'>continebant.</span> <span class='ocrx_word' id='word_1_177' title='bbox 1294 2211 1408 2257; x_wconf 84' lang='lat' dir='ltr'>Hae</span> <span class='ocrx_word' id='word_1_178' title='bbox 1468 2208 1732 2269; x_wconf 78' lang='lat' dir='ltr'>oratione5‚</span> <span class='ocrx_word' id='word_1_179' title='bbox 1812 2226 1985 2271; x_wconf 86' lang='lat' dir='ltr'>parum</span> 
     </span>
     <span class='ocr_line' id='line_1_23' title="bbox 129 2296 1986 2359; baseline -0.001 -13"><span class='ocrx_word' id='word_1_180' title='bbox 129 2296 434 2358; x_wconf 83' lang='lat' dir='ltr'>immutatae,</span> <span class='ocrx_word' id='word_1_181' title='bbox 478 2297 530 2346; x_wconf 92' lang='lat' dir='ltr'>in</span> <span class='ocrx_word' id='word_1_182' title='bbox 570 2299 851 2346; x_wconf 89' lang='lat' dir='ltr'>Pontificali</span> <span class='ocrx_word' id='word_1_183' title='bbox 891 2300 1126 2347; x_wconf 89' lang='lat' dir='ltr'>Romano</span> <span class='ocrx_word' id='word_1_184' title='bbox 1169 2297 1457 2357; x_wconf 87' lang='lat' dir='ltr'>retinentur,</span> <span class='ocrx_word' id='word_1_185' title='bbox 1497 2307 1545 2345; x_wconf 89' lang='lat' dir='ltr'>et</span> <span class='ocrx_word' id='word_1_186' title='bbox 1585 2298 1725 2359; x_wconf 85' lang='lat' dir='ltr'>quasi</span> <span class='ocrx_word' id='word_1_187' title='bbox 1752 2300 1986 2346; x_wconf 87' lang='lat' dir='ltr'>nucleum</span> 
     </span>
     <span class='ocr_line' id='line_1_24' title="bbox 130 2385 1987 2448; baseline 0 -14"><span class='ocrx_word' id='word_1_188' title='bbox 130 2387 372 2436; x_wconf 89' lang='lat' dir='ltr'>formulae</span> <span class='ocrx_word' id='word_1_189' title='bbox 413 2389 470 2435; x_wconf 84' lang='lat' dir='ltr'>de</span> <span class='ocrx_word' id='word_1_190' title='bbox 505 2387 811 2435; x_wconf 51' lang='lat' dir='ltr'>ordinatiane</span> <span class='ocrx_word' id='word_1_191' title='bbox 853 2387 1131 2448; x_wconf 74' lang='lat' dir='ltr'>Presbyteri</span> <span class='ocrx_word' id='word_1_192' title='bbox 1173 2386 1409 2445; x_wconf 90' lang='lat' dir='ltr'>efficiunt,</span> <span class='ocrx_word' id='word_1_193' title='bbox 1461 2385 1685 2447; x_wconf 86' lang='lat' dir='ltr'>quamvis</span> <span class='ocrx_word' id='word_1_194' title='bbox 1733 2385 1987 2447; x_wconf 81' lang='lat' dir='ltr'>impositio</span> 
     </span>
     <span class='ocr_line' id='line_1_25' title="bbox 133 2473 1986 2536; baseline -0.001 -13"><span class='ocrx_word' id='word_1_195' title='bbox 133 2490 388 2535; x_wconf 87' lang='lat' dir='ltr'>manuum,</span> <span class='ocrx_word' id='word_1_196' title='bbox 414 2473 625 2536; x_wconf 81' lang='lat' dir='ltr'>longiori</span> <span class='ocrx_word' id='word_1_197' title='bbox 649 2476 835 2522; x_wconf 89' lang='lat' dir='ltr'>formae</span> <span class='ocrx_word' id='word_1_198' title='bbox 875 2475 996 2522; x_wconf 88' lang='lat' dir='ltr'>olim</span> <span class='ocrx_word' id='word_1_199' title='bbox 1039 2474 1323 2532; x_wconf 89' lang='lat' dir='ltr'>coniuncta,</span> <span class='ocrx_word' id='word_1_200' title='bbox 1362 2473 1414 2521; x_wconf 92' lang='lat' dir='ltr'>in</span> <span class='ocrx_word' id='word_1_201' title='bbox 1453 2473 1750 2536; x_wconf 87' lang='lat' dir='ltr'>principium</span> <span class='ocrx_word' id='word_1_202' title='bbox 1778 2475 1986 2522; x_wconf 85' lang='lat' dir='ltr'>actionis</span> 
     </span>
     <span class='ocr_line' id='line_1_26' title="bbox 134 2562 1984 2621; baseline -0.001 -9"><span class='ocrx_word' id='word_1_203' title='bbox 134 2563 392 2621; x_wconf 89' lang='lat' dir='ltr'>transierit,</span> <span class='ocrx_word' id='word_1_204' title='bbox 421 2572 470 2612; x_wconf 89' lang='lat' dir='ltr'>et</span> <span class='ocrx_word' id='word_1_205' title='bbox 508 2564 572 2612; x_wconf 91' lang='lat' dir='ltr'>ad</span> <span class='ocrx_word' id='word_1_206' title='bbox 621 2564 771 2612; x_wconf 90' lang='lat' dir='ltr'>finem</span> <span class='ocrx_word' id='word_1_207' title='bbox 810 2562 989 2611; x_wconf 88' lang='lat' dir='ltr'>missae</span> <span class='ocrx_word' id='word_1_208' title='bbox 1024 2578 1189 2610; x_wconf 88' lang='lat' dir='ltr'>rursus</span> <span class='ocrx_word' id='word_1_209' title='bbox 1225 2563 1340 2611; x_wconf 88' lang='lat' dir='ltr'>data</span> <span class='ocrx_word' id='word_1_210' title='bbox 1381 2564 1454 2610; x_wconf 88' lang='lat' dir='ltr'>sit.</span> <span class='ocrx_word' id='word_1_211' title='bbox 1532 2565 1591 2609; x_wconf 93' lang='lat' dir='ltr'>In</span> <span class='ocrx_word' id='word_1_212' title='bbox 1623 2562 1984 2611; x_wconf 87' lang='lat' dir='ltr'>Benedictione</span> 
     </span>
     <span class='ocr_line' id='line_1_27' title="bbox 135 2648 1982 2712; baseline -0.001 -12"><span class='ocrx_word' id='word_1_213' title='bbox 135 2658 301 2700; x_wconf 87' lang='lat' dir='ltr'>autern</span> <span class='ocrx_word' id='word_1_214' title='bbox 344 2653 372 2675; x_wconf 87' lang='lat'><strong>“</strong></span> <span class='ocrx_word' id='word_1_215' title='bbox 392 2649 758 2699; x_wconf 87' lang='lat' dir='ltr'>sacerdotium&#39;&#39;</span> <span class='ocrx_word' id='word_1_216' title='bbox 783 2650 846 2698; x_wconf 84' lang='lat' dir='ltr'>de</span> <span class='ocrx_word' id='word_1_217' title='bbox 882 2649 1185 2712; x_wconf 86' lang='lat' dir='ltr'>presbyteris</span> <span class='ocrx_word' id='word_1_218' title='bbox 1212 2665 1318 2697; x_wconf 90' lang='lat' dir='ltr'>non</span> <span class='ocrx_word' id='word_1_219' title='bbox 1348 2648 1680 2711; x_wconf 84' lang='lat' dir='ltr'>praedicatur,</span> <span class='ocrx_word' id='word_1_220' title='bbox 1718 2665 1814 2697; x_wconf 88' lang='lat' dir='ltr'>nec</span> <span class='ocrx_word' id='word_1_221' title='bbox 1843 2650 1982 2712; x_wconf 90' lang='lat' dir='ltr'>quid-</span> 
     </span>
     <span class='ocr_line' id='line_1_28' title="bbox 136 2736 1979 2801; baseline -0.001 -14"><span class='ocrx_word' id='word_1_222' title='bbox 136 2754 285 2801; x_wconf 89' lang='lat' dir='ltr'>quam</span> <span class='ocrx_word' id='word_1_223' title='bbox 329 2739 380 2787; x_wconf 91' lang='lat' dir='ltr'>in</span> <span class='ocrx_word' id='word_1_224' title='bbox 423 2736 706 2786; x_wconf 89' lang='lat' dir='ltr'>orationum</span> <span class='ocrx_word' id='word_1_225' title='bbox 749 2739 874 2787; x_wconf 90' lang='lat' dir='ltr'>serie</span> <span class='ocrx_word' id='word_1_226' title='bbox 911 2737 995 2785; x_wconf 89' lang='lat' dir='ltr'>illa</span> <span class='ocrx_word' id='word_1_227' title='bbox 1034 2738 1095 2786; x_wconf 89' lang='lat' dir='ltr'>de</span> <span class='ocrx_word' id='word_1_228' title='bbox 1139 2736 1453 2786; x_wconf 87' lang='lat' dir='ltr'>sacrificandi</span> <span class='ocrx_word' id='word_1_229' title='bbox 1495 2746 1742 2799; x_wconf 86' lang='lat' dir='ltr'>potestate</span> <span class='ocrx_word' id='word_1_230' title='bbox 1786 2747 1870 2786; x_wconf 89' lang='lat' dir='ltr'>aut</span> <span class='ocrx_word' id='word_1_231' title='bbox 1916 2740 1979 2786; x_wconf 90' lang='lat' dir='ltr'>de</span> 
     </span>
     <span class='ocr_line' id='line_1_29' title="bbox 134 2824 1979 2890; baseline -0.001 -14"><span class='ocrx_word' id='word_1_232' title='bbox 134 2825 352 2890; x_wconf 89' lang='lat' dir='ltr'>peccatis</span> <span class='ocrx_word' id='word_1_233' title='bbox 377 2825 687 2875; x_wconf 88' lang='lat' dir='ltr'>remittendis</span> <span class='ocrx_word' id='word_1_234' title='bbox 708 2824 901 2874; x_wconf 91' lang='lat' dir='ltr'>dicitur.</span> <span class='ocrx_word' id='word_1_235' title='bbox 956 2828 984 2850; x_wconf 87' lang='lat'><strong><em>“</em></strong></span> <span class='ocrx_word' id='word_1_236' title='bbox 1006 2825 1203 2874; x_wconf 86' lang='lat' dir='ltr'>Gratia&#39;&#39;</span> <span class='ocrx_word' id='word_1_237' title='bbox 1228 2825 1379 2874; x_wconf 89' lang='lat' dir='ltr'>etiam</span> <span class='ocrx_word' id='word_1_238' title='bbox 1408 2830 1435 2850; x_wconf 80' lang='lat'>‘⁴</span> <span class='ocrx_word' id='word_1_239' title='bbox 1457 2825 1819 2884; x_wconf 86' lang='lat' dir='ltr'>sacerdotalis&#39;&#39;,</span> <span class='ocrx_word' id='word_1_240' title='bbox 1850 2842 1979 2888; x_wconf 88' lang='lat' dir='ltr'>quae</span> 
     </span>
     <span class='ocr_line' id='line_1_30' title="bbox 136 2912 1979 2976; baseline -0.002 -12"><span class='ocrx_word' id='word_1_241' title='bbox 136 2917 187 2964; x_wconf 92' lang='lat' dir='ltr'>in</span> <span class='ocrx_word' id='word_1_242' title='bbox 213 2914 590 2963; x_wconf 88' lang='lat' dir='ltr'>Pontificalibus</span> <span class='ocrx_word' id='word_1_243' title='bbox 629 2913 853 2976; x_wconf 89' lang='lat' dir='ltr'>plurimis</span> <span class='ocrx_word' id='word_1_244' title='bbox 892 2915 940 2960; x_wconf 87' lang='lat' dir='ltr'>in</span> <span class='ocrx_word' id='word_1_245' title='bbox 978 2915 1200 2962; x_wconf 88' lang='lat' dir='ltr'>oratione</span> <span class='ocrx_word' id='word_1_246' title='bbox 1239 2913 1461 2962; x_wconf 85' lang='lat' dir='ltr'>secunda</span> <span class='ocrx_word' id='word_1_247' title='bbox 1489 2912 1760 2972; x_wconf 85' lang='lat' dir='ltr'>invocatur,</span> <span class='ocrx_word' id='word_1_248' title='bbox 1790 2913 1838 2960; x_wconf 91' lang='lat' dir='ltr'>in</span> <span class='ocrx_word' id='word_1_249' title='bbox 1878 2916 1979 2975; x_wconf 89' lang='lat' dir='ltr'>qui-</span> 
     </span>
     <span class='ocr_line' id='line_1_31' title="bbox 136 3000 1973 3064; baseline -0.002 -10"><span class='ocrx_word' id='word_1_250' title='bbox 136 3004 348 3054; x_wconf 90' lang='lat' dir='ltr'>busdam</span> <span class='ocrx_word' id='word_1_251' title='bbox 375 3013 424 3053; x_wconf 89' lang='lat' dir='ltr'>et</span> <span class='ocrx_word' id='word_1_252' title='bbox 450 3002 627 3052; x_wconf 90' lang='lat' dir='ltr'>nostris</span> <span class='ocrx_word' id='word_1_253' title='bbox 653 3013 702 3052; x_wconf 88' lang='lat' dir='ltr'>et</span> <span class='ocrx_word' id='word_1_254' title='bbox 727 3001 990 3052; x_wconf 79' lang='lat' dir='ltr'>extraneis2</span> <span class='ocrx_word' id='word_1_255' title='bbox 1015 3001 1302 3064; x_wconf 86' lang='lat' dir='ltr'>simpliciter</span> <span class='ocrx_word' id='word_1_256' title='bbox 1331 3001 1529 3064; x_wconf 85' lang='lat' dir='ltr'>“gratia</span> <span class='ocrx_word' id='word_1_257' title='bbox 1569 3000 1862 3063; x_wconf 84' lang='lat' dir='ltr'>spiritualis&#39;’</span> <span class='ocrx_word' id='word_1_258' title='bbox 1888 3011 1973 3050; x_wconf 88' lang='lat' dir='ltr'>est.</span> 
     </span>
     <span class='ocr_line' id='line_1_32' title="bbox 136 3091 1176 3142; baseline -0.005 0"><span class='ocrx_word' id='word_1_259' title='bbox 136 3092 235 3142; x_wconf 89' lang='lat' dir='ltr'>Sed</span> <span class='ocrx_word' id='word_1_260' title='bbox 259 3093 383 3141; x_wconf 89' lang='lat' dir='ltr'>haec</span> <span class='ocrx_word' id='word_1_261' title='bbox 407 3094 564 3141; x_wconf 87' lang='lat' dir='ltr'>forma</span> <span class='ocrx_word' id='word_1_262' title='bbox 591 3091 697 3141; x_wconf 90' lang='lat' dir='ltr'>sine</span> <span class='ocrx_word' id='word_1_263' title='bbox 724 3091 878 3140; x_wconf 91' lang='lat' dir='ltr'>dubio</span> <span class='ocrx_word' id='word_1_264' title='bbox 903 3091 1065 3139; x_wconf 79' lang='lat' dir='ltr'>valida</span> <span class='ocrx_word' id='word_1_265' title='bbox 1091 3098 1176 3138; x_wconf 89' lang='lat' dir='ltr'>est.</span> 
     </span>
    </p>

    <p class='ocr_par' dir='ltr' id='par_1_5' title="bbox 129 3176 1981 3327">
     <span class='ocr_line' id='line_1_33' title="bbox 201 3176 1981 3243; baseline -0.002 -13"><span class='ocrx_word' id='word_1_266' title='bbox 201 3179 391 3230; x_wconf 86' lang='lat' dir='ltr'>Similia</span> <span class='ocrx_word' id='word_1_267' title='bbox 414 3179 516 3229; x_wconf 93' lang='lat' dir='ltr'>dici</span> <span class='ocrx_word' id='word_1_268' title='bbox 539 3189 748 3243; x_wconf 89' lang='lat' dir='ltr'>possunt</span> <span class='ocrx_word' id='word_1_269' title='bbox 775 3181 838 3228; x_wconf 93' lang='lat' dir='ltr'>de</span> <span class='ocrx_word' id='word_1_270' title='bbox 864 3180 1023 3227; x_wconf 87' lang='lat' dir='ltr'>forma</span> <span class='ocrx_word' id='word_1_271' title='bbox 1049 3176 1271 3240; x_wconf 89' lang='lat' dir='ltr'>episcopi</span> <span class='ocrx_word' id='word_1_272' title='bbox 1299 3177 1642 3225; x_wconf 89' lang='lat' dir='ltr'>consecrandi.</span> <span class='ocrx_word' id='word_1_273' title='bbox 1718 3179 1981 3227; x_wconf 85' lang='lat' dir='ltr'>Orationes</span> 
     </span>
     <span class='ocr_line' id='line_1_34' title="bbox 129 3265 1972 3327; baseline -0.001 -9"><span class='ocrx_word' id='word_1_274' title='bbox 129 3277 180 3318; x_wconf 88' lang='lat' dir='ltr'>et</span> <span class='ocrx_word' id='word_1_275' title='bbox 229 3267 518 3318; x_wconf 88' lang='lat' dir='ltr'>Benedictio</span> <span class='ocrx_word' id='word_1_276' title='bbox 565 3269 614 3315; x_wconf 90' lang='lat' dir='ltr'>in</span> <span class='ocrx_word' id='word_1_277' title='bbox 665 3267 943 3316; x_wconf 87' lang='lat' dir='ltr'>Pontificali</span> <span class='ocrx_word' id='word_1_278' title='bbox 993 3265 1236 3314; x_wconf 87' lang='lat' dir='ltr'>hodierno</span> <span class='ocrx_word' id='word_1_279' title='bbox 1283 3274 1482 3323; x_wconf 82' lang='lat' dir='ltr'>restant,</span> <span class='ocrx_word' id='word_1_280' title='bbox 1527 3281 1701 3327; x_wconf 86' lang='lat' dir='ltr'>parum</span> <span class='ocrx_word' id='word_1_281' title='bbox 1743 3275 1972 3316; x_wconf 83' lang='lat' dir='ltr'>mutatae.</span> 
     </span>
    </p>

    <p class='ocr_par' dir='ltr' id='par_1_6' title="bbox 130 3385 1974 3502">
     <span class='ocr_line' id='line_1_35' title="bbox 184 3385 1974 3439; baseline -0.001 -12"><span class='ocrx_word' id='word_1_282' title='bbox 184 3388 286 3428; x_wconf 86' lang='lat' dir='ltr'>XII.</span> <span class='ocrx_word' id='word_1_283' title='bbox 324 3387 340 3413; x_wconf 80' lang='lat'>1</span> <span class='ocrx_word' id='word_1_284' title='bbox 362 3387 470 3426; x_wconf 87' lang='lat' dir='ltr'>Vide</span> <span class='ocrx_word' id='word_1_285' title='bbox 495 3388 678 3426; x_wconf 77' lang='lat' dir='ltr'>Canones</span> <span class='ocrx_word' id='word_1_286' title='bbox 697 3388 917 3439; x_wconf 74' lang='lat' dir='ltr'>Hippolyti</span> <span class='ocrx_word' id='word_1_287' title='bbox 933 3388 987 3426; x_wconf 88' lang='lat' dir='ltr'>ab</span> <span class='ocrx_word' id='word_1_288' title='bbox 1006 3387 1128 3425; x_wconf 87' lang='lat' dir='ltr'>Hans</span> <span class='ocrx_word' id='word_1_289' title='bbox 1150 3385 1321 3425; x_wconf 86' lang='lat' dir='ltr'>Aehelis</span> <span class='ocrx_word' id='word_1_290' title='bbox 1343 3385 1476 3424; x_wconf 88' lang='lat' dir='ltr'>editos</span> <span class='ocrx_word' id='word_1_291' title='bbox 1498 3392 1527 3423; x_wconf 90' lang='lat' dir='ltr'>t.</span> <span class='ocrx_word' id='word_1_292' title='bbox 1549 3385 1589 3424; x_wconf 91' lang='lat' dir='ltr'>vi</span> <span class='ocrx_word' id='word_1_293' title='bbox 1609 3386 1869 3425; x_wconf 82' lang='lat' dir='ltr'>voluminum</span> <span class='ocrx_word' id='word_1_294' title='bbox 1890 3387 1974 3426; x_wconf 89' lang='lat' dir='ltr'>dic-</span> 
     </span>
     <span class='ocr_line' id='line_1_36' title="bbox 130 3449 1955 3502; baseline -0.001 -10"><span class='ocrx_word' id='word_1_295' title='bbox 130 3459 266 3492; x_wconf 89' lang='lat' dir='ltr'>torum</span> <span class='ocrx_word' id='word_1_296' title='bbox 295 3453 412 3491; x_wconf 79' lang='lat' dir='ltr'>Texte</span> <span class='ocrx_word' id='word_1_297' title='bbox 427 3452 520 3491; x_wconf 80' lang='lat' dir='ltr'>und</span> <span class='ocrx_word' id='word_1_298' title='bbox 538 3453 906 3502; x_wconf 70' lang='lat' dir='ltr'>Unte;·szt:·l11cnge7c</span> <span class='ocrx_word' id='word_1_299' title='bbox 925 3450 1160 3492; x_wconf 86' lang='lat' dir='ltr'>Gebhardti</span> <span class='ocrx_word' id='word_1_300' title='bbox 1181 3456 1219 3489; x_wconf 90' lang='lat' dir='ltr'>et</span> <span class='ocrx_word' id='word_1_301' title='bbox 1240 3449 1446 3489; x_wconf 85' lang='lat' dir='ltr'>Harnack</span> <span class='ocrx_word' id='word_1_302' title='bbox 1461 3449 1574 3500; x_wconf 90' lang='lat' dir='ltr'>Lips.</span> <span class='ocrx_word' id='word_1_303' title='bbox 1603 3449 1699 3499; x_wconf 85' lang='lat'>1891</span> <span class='ocrx_word' id='word_1_304' title='bbox 1722 3464 1759 3501; x_wconf 87' lang='lat' dir='ltr'>p.</span> <span class='ocrx_word' id='word_1_305' title='bbox 1783 3451 1955 3500; x_wconf 80' lang='lat'>39-62,</span> 
     </span>
    </p>
   </div>
   <div class='ocr_carea' id='block_1_3' title="bbox 190 3513 1949 3615">
    <p class='ocr_par' dir='ltr' id='par_1_7' title="bbox 190 3513 1949 3615">
     <span class='ocr_line' id='line_1_37' title="bbox 190 3513 1949 3568; baseline -0.001 -13"><span class='ocrx_word' id='word_1_306' title='bbox 190 3517 291 3555; x_wconf 89' lang='lat' dir='ltr'><strong>XII.</strong></span> <span class='ocrx_word' id='word_1_307' title='bbox 327 3514 343 3539; x_wconf 69' lang='lat'><strong>²</strong></span> <span class='ocrx_word' id='word_1_308' title='bbox 372 3516 479 3555; x_wconf 75' lang='lat' dir='ltr'>Vide</span> <span class='ocrx_word' id='word_1_309' title='bbox 502 3529 580 3568; x_wconf 53' lang='lat' dir='ltr'>(ng.</span> <span class='ocrx_word' id='word_1_310' title='bbox 606 3516 654 3554; x_wconf 72' lang='lat' dir='ltr'>F..</span> <span class='ocrx_word' id='word_1_311' title='bbox 676 3516 869 3555; x_wconf 82' lang='lat' dir='ltr'>Martene</span> <span class='ocrx_word' id='word_1_312' title='bbox 891 3517 1100 3554; x_wconf 49' lang='lat' dir='ltr'>(stantes-c.</span> <span class='ocrx_word' id='word_1_313' title='bbox 1130 3515 1194 3553; x_wconf 71' lang='lat' dir='ltr'>ris.</span> <span class='ocrx_word' id='word_1_314' title='bbox 1214 3519 1241 3552; x_wconf 89' lang='lat' dir='ltr'>t.</span> <span class='ocrx_word' id='word_1_315' title='bbox 1268 3513 1307 3552; x_wconf 89' lang='lat' dir='ltr'>ii.</span> <span class='ocrx_word' id='word_1_316' title='bbox 1326 3526 1395 3565; x_wconf 85' lang='lat' dir='ltr'>pp.</span> <span class='ocrx_word' id='word_1_317' title='bbox 1418 3523 1512 3564; x_wconf 86' lang='lat'>429,</span> <span class='ocrx_word' id='word_1_318' title='bbox 1528 3524 1621 3563; x_wconf 68' lang='lat'>493,</span> <span class='ocrx_word' id='word_1_319' title='bbox 1640 3515 1802 3552; x_wconf 55' lang='lat' dir='ltr'>Rotam.</span> <span class='ocrx_word' id='word_1_320' title='bbox 1838 3523 1949 3564; x_wconf 91' lang='lat'>1700.</span> 
     </span>
     <span class='ocr_line' id='line_1_38' title="bbox 995 3584 1073 3615; baseline -0.013 0"><span class='ocrx_word' id='word_1_321' title='bbox 995 3584 1021 3615; x_wconf 83' lang='lat' dir='ltr'>B</span> <span class='ocrx_word' id='word_1_322' title='bbox 1051 3586 1073 3614; x_wconf 88' lang='grc'>2</span> 
     </span>
    </p>
   </div>
  </div>
 </body>
</html>
