2216 3964
1048 279 1112 325 39

225 401 338 447 Hac
363 415 480 462 ergo
497 415 555 447 ex
580 398 835 461 petitione,
862 415 991 461 quae
1014 400 1225 447 formam
1252 396 1579 445 ordinationis
1603 398 2003 461 presbyterorum

151 487 314 536 solum
349 486 524 551 tetigit,
552 503 753 536 causam
779 488 1019 537 Clemens
1043 489 1119 535 XI
1146 487 1413 535 iudicavit:
1449 495 1500 535 et
1540 484 1684 535 facile
1708 487 2006 536 credebatur

150 575 214 624 ab
262 573 348 636 εἰς,
397 575 484 638 qui
542 576 797 624 historiam
856 592 915 625 ex
973 577 1101 625 libro
1154 573 1419 623 Michaelis
1468 576 1541 622 Le
1590 573 1758 635 Quien
1805 582 2003 623 tantum

150 665 514 726 cognovissent,
564 665 838 713 secundum
897 673 1117 713 mentem
1162 663 1408 726 Johannis
1457 662 1667 711 Gordon
1714 661 2007 724 simpliciter

148 753 410 801 iudicasse.
484 754 588 801 Res
626 762 793 801 tamen
830 753 971 801 aliter
1011 750 1206 810 cecidit,
1252 759 1306 798 ut
1348 759 1544 799 constat
1599 766 1663 798 ex
1714 750 2001 810 summario,

151 842 291 904 quod
341 841 544 890 decreto
597 843 895 904 praefigitur,
941 842 1079 904 quod
1123 842 1359 889 Estcourt
1407 855 1542 888 anno
1606 840 1813 888 demum
1875 841 2002 901 1873

149 933 280 992 typis
344 931 612 989 mandavit,
675 939 723 978 et
783 930 919 992 quod
986 929 1110 978 miro
1176 929 1330 976 modo
1389 927 1440 975 in
1506 929 1601 976 hac
1661 926 2000 977 controversia

149 1019 433 1081 neglectum
470 1017 576 1078 fuit,
598 1025 648 1066 et
683 1034 742 1066 ex
780 1017 956 1066 litteris
990 1018 1177 1066 Leonis
1215 1018 1382 1078 Papae
1426 1017 1578 1075 XIII,
1606 1015 1694 1078 qui
1731 1015 1902 1064 scribit
1922 1035 2003 1063 :—

150 1107 182 1131 “
202 1105 316 1166 Qua
340 1106 404 1154 de
445 1106 618 1164 forma,
646 1121 748 1166 quo
774 1104 971 1168 plenius
1011 1113 1143 1154 esset
1186 1105 1471 1166 certiusque
1512 1102 1772 1161 iudicium,
1799 1112 2002 1152 cautum

147 1194 307 1242 fuerat
342 1202 398 1242 ut
432 1194 683 1256 exemplar
709 1192 962 1243 Ordinalis
998 1191 1246 1256 anglicani
1271 1193 1601 1255 suppeteret.''
1668 1193 2002 1241 Summarium

148 1285 298 1342 enim,
326 1283 408 1332 die
433 1280 822 1331 consecrationis
864 1290 914 1330 et
955 1280 1130 1330 ceteris
1168 1279 1457 1329 huiusmodi
1499 1282 1634 1342 prius
1676 1278 1908 1340 recitatis,
1935 1280 2006 1328 ita

149 1367 309 1434 pergit
329 1373 445 1420 :--“
465 1370 614 1419 Actio
662 1369 733 1418 sic
778 1371 881 1419 fere
930 1370 1270 1432 peragebatur.
1344 1369 1533 1427 Primo,
1587 1369 1775 1417 fiebant
1828 1384 2004 1431 preces

148 1457 427 1507 secundum
453 1456 726 1519 Liturgiam
751 1455 1094 1519 Anglicanam.
1169 1457 1392 1515 Secunde,
1420 1455 1698 1504 habebatur
1721 1455 1902 1504 concio
1938 1456 2003 1505 ad

149 1547 392 1609 populum
450 1546 514 1594 de
568 1543 808 1608 dignitate
866 1553 915 1593 et
963 1544 1127 1593 officio
1174 1543 1412 1606 episcopi.
1493 1545 1665 1603 Tertio,
1714 1545 2003 1607 supradicto

146 1634 381 1696 Johanne
427 1633 637 1696 genibus
696 1634 972 1695 provoluto,
1023 1648 1199 1681 omnes
1247 1633 1518 1694 supradicti
1566 1631 2004 1695 pseudo-episcopi

149 1721 494 1785 imposuerunt
541 1737 718 1769 manus
760 1719 910 1783 capiti
946 1730 995 1770 et
1036 1719 1253 1769 humeris
1290 1721 1510 1769 dicendo
1552 1721 1723 1782 Accipe
1757 1721 2001 1783 Spiritum

151 1810 382 1859 Sanctum
398 1829 420 1866 ,·
442 1816 488 1856 et
503 1816 732 1856 memento
752 1814 807 1855 ut
827 1808 1021 1856 suscites
1037 1810 1255 1870 gratiam
1282 1824 1405 1869 quae
1424 1810 1476 1857 in
1502 1815 1544 1855 te
1567 1815 1637 1855 est
1644 1815 1745 1870 per
1767 1826 2002 1857 manuum

146 1899 509 1960 impositionem,
555 1914 649 1945 non
696 1899 820 1945 enim
861 1898 1117 1958 accepimus
1164 1897 1393 1958 spiritum
1442 1897 1645 1957 timoris,
1688 1899 1772 1945 sed
1804 1899 2006 1946 virtutis

144 1987 409 2036 dilectionis
447 1993 493 2033 et
529 1986 812 2034 sobrietatis.
900 1986 1104 2047 Quarto,
1146 1985 1358 2047 peractis
1394 1986 1619 2046 pauculis
1644 1987 1876 2048 precibus
1912 2002 2003 2048 pro

145 2076 411 2138 gratiarum
435 2075 646 2132 actione,
674 2073 937 2122 terminata
964 2072 1056 2122 fuit
1097 2072 1276 2122 actio.''
1346 2072 1579 2135 Sequitur
1603 2073 1791 2123 decreti
1826 2075 2001 2133 forma,

149 2179 294 2226 quae,
335 2161 486 2226 priori
525 2163 576 2209 in
618 2171 771 2224 parte,
813 2163 875 2210 ab
917 2162 1002 2209 illa
1043 2177 1195 2223 quam
1235 2161 1523 2224 suppeditat
1565 2163 1637 2211 Le
1678 2161 1846 2223 Quien
1885 2163 2005 2212 satis

147 2251 325 2311 differt,
353 2252 578 2312 quamvis
619 2249 689 2298 illi
713 2265 815 2298 non
842 2248 1166 2299 contradicat.
1199 2311 1201 2313 q
1242 2251 1509 2313 Exemplar
1541 2258 1710 2300 autern
1747 2252 2006 2301 summarii

148 2347 198 2388 et
222 2337 422 2397 decreti,
449 2347 503 2386 ut
534 2339 597 2386 ab
625 2338 857 2386 Estcourt
881 2335 1057 2396 editur,
1084 2352 1145 2385 ex
1170 2337 1214 2385 S.
1245 2337 1426 2386 Officio
1451 2338 1637 2399 prodiit
1661 2337 1743 2386 die
1765 2354 1789 2384 2
1818 2338 2004 2402 Aprilis

145 2442 280 2475 anno
297 2428 438 2488 1852,
451 2434 500 2475 et
512 2426 760 2488 Angelum
774 2423 994 2488 Argenti,
1013 2423 1167 2487 ipsius
1179 2425 1292 2475 S.O.
1309 2426 1574 2484 notarium,
1595 2433 1775 2474 testem
1792 2425 1970 2475 habuit
1989 2448 2000 2484 ;

147 2516 217 2564 ita
240 2523 294 2563 ut
319 2530 410 2577 pro
434 2514 743 2563 documento
766 2528 887 2562 vero
909 2511 1068 2562 teneri
1093 2511 1264 2575 possit.

216 2601 428 2651 Notabit
469 2603 689 2664 prudens
723 2602 880 2649 lector
902 2602 1071 2662 primo
1104 2601 1316 2649 formam
1353 2600 1742 2650 consecrationis
1778 2604 2002 2666 episcopi

146 2691 230 2738 hic
283 2698 482 2738 *tantum
529 2691 681 2749 citari,
743 2705 856 2737 cum
907 2689 1118 2737 Gordon
1164 2690 1215 2736 in
1268 2686 1511 2750 petitione
1560 2688 1806 2752 (quamvis
1853 2692 2002 2754 falso)

145 2781 356 2829 formam
405 2777 732 2828 ordinationis
778 2777 1181 2841 presbyterorum
1228 2778 1392 2826 solum
1440 2777 1748 2840 respexisset.
1847 2782 2002 2831 Unde

147 2866 312 2916 statim
372 2869 585 2916 exoritur
642 2867 869 2928 quaestio
916 2882 980 2916 an
1039 2867 1153 2915 S.O.
1191 2864 1441 2928 Johannis
1501 2867 1710 2915 Gordon
1758 2868 1894 2917 dicta
1941 2870 2004 2919 de

145 2954 459 3004 ordinatione
490 2955 890 3018 presbyterorum
925 2970 1017 3017 pro
1051 2953 1180 3003 veris
1215 2953 1456 3013 habuerit,
1495 2957 1696 3004 necne?
1778 2955 1829 3005 Si
1865 2956 1998 3006 enim

145 3059 261 3094 vera
301 3044 594 3102 crediderit,
624 3042 866 3092 iudicium
905 3041 1025 3102 eius,
1069 3041 1156 3091 tali
1202 3040 1469 3091 mendacio
1507 3043 1782 3105 suffultum,
1808 3047 1998 3094 nullum

145 3141 257 3182 est:
328 3131 369 3180 si
414 3132 551 3191 falsa,
599 3147 753 3194 quare
805 3129 931 3178 nihil
977 3130 1041 3179 de
1099 3145 1158 3178 ea
1204 3130 1363 3178 forma
1421 3129 1697 3179 accuratius
1749 3132 2002 3183 tradidit?

145 3220 356 3268 Secundo
380 3218 675 3279 observabit,
703 3210 914 3268 formam
943 3219 1027 3266 hic
1061 3219 1262 3266 citatam
1288 3232 1391 3266 non
1411 3232 1519 3266 esse
1552 3233 1661 3267 eam
1699 3235 1828 3282 quae
1864 3237 1999 3270 anno

149 3308 292 3366 1688,
319 3308 492 3355 saltem
517 3307 568 3354 in
594 3308 785 3369 Anglia,
813 3305 865 3354 in
890 3322 984 3354 usu
1024 3314 1142 3364 erat,
1169 3306 1259 3354 sed
1282 3306 1511 3367 priorem,
1538 3321 1784 3354 annorum
1810 3307 2001 3358 scilicet

147 3407 276 3456 1550
323 3402 372 3442 et
415 3407 555 3456 1552.
631 3395 749 3442 Non
790 3395 926 3443 enim
967 3393 1120 3442 habet
1157 3394 1307 3442 verba
1353 3409 1488 3442 anno
1540 3396 1666 3441 1662
1715 3395 1889 3444 addita
1934 3398 2006 3444 ad

140 3481 343 3541 officium
362 3486 406 3528 et
426 3489 543 3543 opus
557 3482 760 3543 episcopi
778 3483 830 3530 in
852 3482 1034 3530 ecclesia
1055 3482 1161 3530 Dei
1169 3482 1300 3542 quod
1318 3481 1418 3528 iam
1434 3482 1528 3529 tibi
1535 3483 1865 3543 committitur,
1884 3491 1963 3533 etc.
1988 3502 2002 3544 3
