<?xml version="1.0" encoding="UTF-8"?>
<!DOCTYPE html PUBLIC "-//W3C//DTD XHTML 1.0 Transitional//EN"
    "http://www.w3.org/TR/xhtml1/DTD/xhtml1-transitional.dtd">
<html xmlns="http://www.w3.org/1999/xhtml" xml:lang="en" lang="en">
 <head>
  <title>
</title>
<meta http-equiv="Content-Type" content="text/html;charset=utf-8" />
  <meta name='ocr-system' content='tesseract 3.04.00' />
  <meta name='ocr-capabilities' content='ocr_page ocr_carea ocr_par ocr_line ocrx_word'/>
</head>
<body>
  <div class='ocr_page' id='page_1' title='image "a618709801churuoft_0024.png"; bbox 0 0 2216 3964; ppageno 0'>
   <div class='ocr_carea' id='block_1_1' title="bbox 1100 363 1158 393">
    <p class='ocr_par' dir='ltr' id='par_1_1' title="bbox 1100 363 1158 393">
     <span class='ocr_line' id='line_1_1' title="bbox 1100 363 1158 393; baseline 0.017 -1"><span class='ocrx_word' id='word_1_1' title='bbox 1100 363 1158 393; x_wconf 86' lang='lat'>20</span> 
     </span>
    </p>
   </div>
   <div class='ocr_carea' id='block_1_2' title="bbox 198 477 2064 2308">
    <p class='ocr_par' dir='ltr' id='par_1_2' title="bbox 202 477 2056 988">
     <span class='ocr_line' id='line_1_2' title="bbox 204 477 2047 544; baseline -0.004 -13"><span class='ocrx_word' id='word_1_2' title='bbox 204 482 460 544; x_wconf 75' lang='lat' dir='ltr'><strong>Incipiunt</strong></span> <span class='ocrx_word' id='word_1_3' title='bbox 502 498 615 530; x_wconf 77' lang='lat' dir='ltr'>vero</span> <span class='ocrx_word' id='word_1_4' title='bbox 651 482 868 529; x_wconf 77' lang='lat' dir='ltr'><em>Exaudi</em></span> <span class='ocrx_word' id='word_1_5' title='bbox 900 481 1113 527; x_wconf 81' lang='lat' dir='ltr'>Domine</span> <span class='ocrx_word' id='word_1_6' title='bbox 1147 481 1412 541; x_wconf 73' lang='lat' dir='ltr'>supplicum</span> <span class='ocrx_word' id='word_1_7' title='bbox 1444 486 1604 542; x_wconf 63' lang='lat' dir='ltr'>preces</span> <span class='ocrx_word' id='word_1_8' title='bbox 1645 478 1798 539; x_wconf 87' lang='lat' dir='ltr'>(nunc</span> <span class='ocrx_word' id='word_1_9' title='bbox 1833 477 2047 539; x_wconf 83' lang='lat' dir='ltr'><em>Adesto),</em></span> 
     </span>
     <span class='ocr_line' id='line_1_3' title="bbox 203 567 2049 631; baseline -0.003 -13"><span class='ocrx_word' id='word_1_10' title='bbox 203 571 483 631; x_wconf 69' lang='lat' dir='ltr'>Propitiare</span> <span class='ocrx_word' id='word_1_11' title='bbox 504 570 717 619; x_wconf 76' lang='lat' dir='ltr'>Domine</span> <span class='ocrx_word' id='word_1_12' title='bbox 754 579 803 617; x_wconf 86' lang='lat' dir='ltr'>et</span> <span class='ocrx_word' id='word_1_13' title='bbox 840 571 979 617; x_wconf 81' lang='lat' dir='ltr'>Deus</span> <span class='ocrx_word' id='word_1_14' title='bbox 1002 570 1236 616; x_wconf 71' lang='lat' dir='ltr'>honorum</span> <span class='ocrx_word' id='word_1_15' title='bbox 1271 569 1500 615; x_wconf 77' lang='lat' dir='ltr'>omnium.</span> <span class='ocrx_word' id='word_1_16' title='bbox 1575 567 1804 615; x_wconf 85' lang='lat' dir='ltr'>Secunda</span> <span class='ocrx_word' id='word_1_17' title='bbox 1848 570 2049 614; x_wconf 89' lang='lat' dir='ltr'>“cornu</span> 
     </span>
     <span class='ocr_line' id='line_1_4' title="bbox 202 655 2051 721; baseline -0.002 -15"><span class='ocrx_word' id='word_1_18' title='bbox 202 659 387 721; x_wconf 80' lang='lat' dir='ltr'>gratiae</span> <span class='ocrx_word' id='word_1_19' title='bbox 435 657 803 717; x_wconf 85' lang='lat' dir='ltr'>sacerdotalis‚&#39;’</span> <span class='ocrx_word' id='word_1_20' title='bbox 851 658 991 705; x_wconf 85' lang='lat' dir='ltr'>tertia</span> <span class='ocrx_word' id='word_1_21' title='bbox 1042 660 1335 704; x_wconf 87' lang='lat' dir='ltr'>“summum</span> <span class='ocrx_word' id='word_1_22' title='bbox 1387 655 1749 704; x_wconf 87' lang='lat' dir='ltr'>sacerdotium&#39;&#39;</span> <span class='ocrx_word' id='word_1_23' title='bbox 1796 662 2051 711; x_wconf 88' lang='lat' dir='ltr'>memorat,</span> 
     </span>
     <span class='ocr_line' id='line_1_5' title="bbox 207 740 2056 808; baseline -0.004 -12"><span class='ocrx_word' id='word_1_24' title='bbox 207 749 296 797; x_wconf 83' lang='lat' dir='ltr'>sed</span> <span class='ocrx_word' id='word_1_25' title='bbox 325 746 447 796; x_wconf 83' lang='lat' dir='ltr'>nihil</span> <span class='ocrx_word' id='word_1_26' title='bbox 473 747 608 796; x_wconf 90' lang='lat' dir='ltr'>aliud</span> <span class='ocrx_word' id='word_1_27' title='bbox 634 747 773 808; x_wconf 88' lang='lat' dir='ltr'>quod</span> <span class='ocrx_word' id='word_1_28' title='bbox 799 747 862 794; x_wconf 88' lang='lat' dir='ltr'>ad</span> <span class='ocrx_word' id='word_1_29' title='bbox 889 746 1198 808; x_wconf 87' lang='lat' dir='ltr'>propositum</span> <span class='ocrx_word' id='word_1_30' title='bbox 1221 746 1386 807; x_wconf 84' lang='lat' dir='ltr'>Papae</span> <span class='ocrx_word' id='word_1_31' title='bbox 1422 744 1821 792; x_wconf 87' lang='lat' dir='ltr'>confirmandum</span> <span class='ocrx_word' id='word_1_32' title='bbox 1851 740 2056 805; x_wconf 80' lang='lat' dir='ltr'>proferri</span> 
     </span>
     <span class='ocr_line' id='line_1_6' title="bbox 203 831 2055 904; baseline -0.003 -21"><span class='ocrx_word' id='word_1_33' title='bbox 203 846 380 904; x_wconf 86' lang='lat' dir='ltr'>potest.</span> <span class='ocrx_word' id='word_1_34' title='bbox 455 838 633 885; x_wconf 85' lang='lat' dir='ltr'><strong>Cetera</strong></span> <span class='ocrx_word' id='word_1_35' title='bbox 659 833 827 883; x_wconf 89' lang='lat' dir='ltr'>omnia</span> <span class='ocrx_word' id='word_1_36' title='bbox 853 850 982 896; x_wconf 85' lang='lat' dir='ltr'>quae</span> <span class='ocrx_word' id='word_1_37' title='bbox 1021 832 1070 880; x_wconf 88' lang='lat' dir='ltr'>in</span> <span class='ocrx_word' id='word_1_38' title='bbox 1107 831 1386 881; x_wconf 87' lang='lat' dir='ltr'>Pontificali</span> <span class='ocrx_word' id='word_1_39' title='bbox 1429 833 1689 891; x_wconf 83' lang='lat' dir='ltr'>habentur,</span> <span class='ocrx_word' id='word_1_40' title='bbox 1715 847 1774 879; x_wconf 85' lang='lat' dir='ltr'>ex</span> <span class='ocrx_word' id='word_1_41' title='bbox 1806 846 1898 878; x_wconf 90' lang='lat' dir='ltr'>usu</span> <span class='ocrx_word' id='word_1_42' title='bbox 1935 838 2055 878; x_wconf 90' lang='lat' dir='ltr'>tem-</span> 
     </span>
     <span class='ocr_line' id='line_1_7' title="bbox 205 918 2052 988; baseline -0.003 -17"><span class='ocrx_word' id='word_1_43' title='bbox 205 941 382 988; x_wconf 84' lang='lat' dir='ltr'>porum</span> <span class='ocrx_word' id='word_1_44' title='bbox 407 925 752 982; x_wconf 80' lang='lat' dir='ltr'>recentiorum,</span> <span class='ocrx_word' id='word_1_45' title='bbox 772 932 822 971; x_wconf 91' lang='lat' dir='ltr'>et</span> <span class='ocrx_word' id='word_1_46' title='bbox 841 922 1125 984; x_wconf 85' lang='lat' dir='ltr'>praesertim</span> <span class='ocrx_word' id='word_1_47' title='bbox 1146 938 1204 970; x_wconf 90' lang='lat' dir='ltr'>ex</span> <span class='ocrx_word' id='word_1_48' title='bbox 1223 921 1398 970; x_wconf 89' lang='lat' dir='ltr'>ritibus</span> <span class='ocrx_word' id='word_1_49' title='bbox 1425 919 1709 978; x_wconf 83' lang='lat' dir='ltr'>Gallicanis,</span> <span class='ocrx_word' id='word_1_50' title='bbox 1732 918 2052 968; x_wconf 83' lang='lat' dir='ltr'>derivantur.3</span> 
     </span>
    </p>

    <p class='ocr_par' dir='ltr' id='par_1_3' title="bbox 198 999 2064 1694">
     <span class='ocr_line' id='line_1_8' title="bbox 279 999 2055 1072; baseline -0.003 -11"><span class='ocrx_word' id='word_1_51' title='bbox 279 1015 343 1061; x_wconf 78' lang='lat' dir='ltr'>Et</span> <span class='ocrx_word' id='word_1_52' title='bbox 358 1014 455 1060; x_wconf 90' lang='lat' dir='ltr'>hoc</span> <span class='ocrx_word' id='word_1_53' title='bbox 471 1011 621 1060; x_wconf 87' lang='lat' dir='ltr'>etiam</span> <span class='ocrx_word' id='word_1_54' title='bbox 638 999 907 1060; x_wconf 84' lang='lat' dir='ltr'>dicendum</span> <span class='ocrx_word' id='word_1_55' title='bbox 929 1019 1005 1058; x_wconf 92' lang='lat' dir='ltr'>est</span> <span class='ocrx_word' id='word_1_56' title='bbox 1020 1011 1084 1058; x_wconf 87' lang='lat' dir='ltr'>de</span> <span class='ocrx_word' id='word_1_57' title='bbox 1103 1018 1348 1072; x_wconf 88' lang='lat' dir='ltr'>potestate</span> <span class='ocrx_word' id='word_1_58' title='bbox 1373 1018 1579 1072; x_wconf 90' lang='lat' dir='ltr'>peccata</span> <span class='ocrx_word' id='word_1_59' title='bbox 1605 1007 1903 1067; x_wconf 91' lang='lat' dir='ltr'>remittendi,</span> <span class='ocrx_word' id='word_1_60' title='bbox 1926 1023 2055 1070; x_wconf 88' lang='lat' dir='ltr'>quae</span> 
     </span>
     <span class='ocr_line' id='line_1_9' title="bbox 209 1096 2051 1160; baseline -0.002 -11"><span class='ocrx_word' id='word_1_61' title='bbox 209 1118 237 1149; x_wconf 81' lang='lat' dir='ltr'>a</span> <span class='ocrx_word' id='word_1_62' title='bbox 269 1099 500 1151; x_wconf 87' lang='lat' dir='ltr'>Concilio</span> <span class='ocrx_word' id='word_1_63' title='bbox 541 1099 840 1148; x_wconf 85' lang='lat' dir='ltr'>Tridentino</span> <span class='ocrx_word' id='word_1_64' title='bbox 870 1115 969 1146; x_wconf 85' lang='lat' dir='ltr'>una</span> <span class='ocrx_word' id='word_1_65' title='bbox 1003 1114 1118 1146; x_wconf 89' lang='lat' dir='ltr'>cum</span> <span class='ocrx_word' id='word_1_66' title='bbox 1148 1101 1175 1123; x_wconf 92' lang='lat'><strong>“</strong></span> <span class='ocrx_word' id='word_1_67' title='bbox 1194 1107 1439 1160; x_wconf 87' lang='lat' dir='ltr'>potestate</span> <span class='ocrx_word' id='word_1_68' title='bbox 1464 1098 1629 1159; x_wconf 88' lang='lat' dir='ltr'>aliqua</span> <span class='ocrx_word' id='word_1_69' title='bbox 1654 1096 1978 1145; x_wconf 89' lang='lat' dir='ltr'>consecrandi</span> <span class='ocrx_word' id='word_1_70' title='bbox 2003 1106 2051 1145; x_wconf 91' lang='lat' dir='ltr'>et</span> 
     </span>
     <span class='ocr_line' id='line_1_10' title="bbox 210 1185 2050 1251; baseline -0.002 -15"><span class='ocrx_word' id='word_1_71' title='bbox 210 1189 480 1237; x_wconf 82' lang='lat' dir='ltr'>offerendi&#39;&#39;</span> <span class='ocrx_word' id='word_1_72' title='bbox 529 1187 657 1251; x_wconf 81' lang='lat' dir='ltr'>(not.</span> <span class='ocrx_word' id='word_1_73' title='bbox 702 1186 810 1249; x_wconf 81' lang='lat'>1111)</span> <span class='ocrx_word' id='word_1_74' title='bbox 857 1196 906 1235; x_wconf 91' lang='lat' dir='ltr'>et</span> <span class='ocrx_word' id='word_1_75' title='bbox 955 1202 1117 1248; x_wconf 86' lang='lat' dir='ltr'>aequa</span> <span class='ocrx_word' id='word_1_76' title='bbox 1165 1202 1280 1233; x_wconf 91' lang='lat' dir='ltr'>cum</span> <span class='ocrx_word' id='word_1_77' title='bbox 1341 1185 1706 1248; x_wconf 55' lang='lat' dir='ltr'>significantias</span> <span class='ocrx_word' id='word_1_78' title='bbox 1737 1193 2050 1233; x_wconf 88' lang='lat' dir='ltr'>memoratur.</span> 
     </span>
     <span class='ocr_line' id='line_1_11' title="bbox 215 1272 2053 1338; baseline -0.002 -14"><span class='ocrx_word' id='word_1_79' title='bbox 215 1278 479 1338; x_wconf 86' lang='lat' dir='ltr'>Nusquam</span> <span class='ocrx_word' id='word_1_80' title='bbox 517 1284 723 1338; x_wconf 89' lang='lat' dir='ltr'>apparet</span> <span class='ocrx_word' id='word_1_81' title='bbox 760 1290 918 1336; x_wconf 86' lang='lat' dir='ltr'>usque</span> <span class='ocrx_word' id='word_1_82' title='bbox 954 1275 1019 1323; x_wconf 88' lang='lat' dir='ltr'>ad</span> <span class='ocrx_word' id='word_1_83' title='bbox 1044 1290 1172 1322; x_wconf 72' lang='lat' dir='ltr'>saec.</span> <span class='ocrx_word' id='word_1_84' title='bbox 1207 1288 1264 1321; x_wconf 83' lang='lat' dir='ltr'>XI</span> <span class='ocrx_word' id='word_1_85' title='bbox 1307 1273 1358 1321; x_wconf 90' lang='lat' dir='ltr'>in</span> <span class='ocrx_word' id='word_1_86' title='bbox 1398 1273 1714 1322; x_wconf 87' lang='lat' dir='ltr'>ordinatione</span> <span class='ocrx_word' id='word_1_87' title='bbox 1741 1272 2053 1336; x_wconf 69' lang='lat' dir='ltr'>ipresbyteri:</span> 
     </span>
     <span class='ocr_line' id='line_1_12' title="bbox 211 1360 2050 1427; baseline -0.002 -15"><span class='ocrx_word' id='word_1_88' title='bbox 211 1381 456 1427; x_wconf 86' lang='lat' dir='ltr'>nusquam</span> <span class='ocrx_word' id='word_1_89' title='bbox 500 1363 550 1412; x_wconf 91' lang='lat' dir='ltr'>in</span> <span class='ocrx_word' id='word_1_90' title='bbox 586 1365 743 1413; x_wconf 90' lang='lat' dir='ltr'>forma</span> <span class='ocrx_word' id='word_1_91' title='bbox 779 1364 985 1425; x_wconf 86' lang='lat' dir='ltr'>antiqua</span> <span class='ocrx_word' id='word_1_92' title='bbox 1015 1365 1247 1411; x_wconf 85' lang='lat' dir='ltr'>Romana</span> <span class='ocrx_word' id='word_1_93' title='bbox 1289 1363 1353 1411; x_wconf 92' lang='lat' dir='ltr'>de</span> <span class='ocrx_word' id='word_1_94' title='bbox 1395 1363 1770 1411; x_wconf 88' lang='lat' dir='ltr'>consecratione</span> <span class='ocrx_word' id='word_1_95' title='bbox 1817 1360 2050 1424; x_wconf 86' lang='lat' dir='ltr'>episcopi.</span> 
     </span>
     <span class='ocr_line' id='line_1_13' title="bbox 210 1448 2057 1516; baseline -0.002 -14"><span class='ocrx_word' id='word_1_96' title='bbox 210 1457 430 1516; x_wconf 83' lang='lat' dir='ltr'>Apparet</span> <span class='ocrx_word' id='word_1_97' title='bbox 478 1461 672 1501; x_wconf 88' lang='lat' dir='ltr'>tantum</span> <span class='ocrx_word' id='word_1_98' title='bbox 717 1451 767 1499; x_wconf 91' lang='lat' dir='ltr'>in</span> <span class='ocrx_word' id='word_1_99' title='bbox 804 1453 954 1514; x_wconf 85' lang='lat' dir='ltr'>longa</span> <span class='ocrx_word' id='word_1_100' title='bbox 996 1449 1379 1513; x_wconf 88' lang='lat' dir='ltr'>interpolatione</span> <span class='ocrx_word' id='word_1_101' title='bbox 1427 1451 1684 1498; x_wconf 87' lang='lat' dir='ltr'>Gallicana</span> <span class='ocrx_word' id='word_1_102' title='bbox 1720 1451 1783 1498; x_wconf 88' lang='lat' dir='ltr'>ad</span> <span class='ocrx_word' id='word_1_103' title='bbox 1821 1448 2057 1499; x_wconf 86' lang='lat' dir='ltr'>benedic-</span> 
     </span>
     <span class='ocr_line' id='line_1_14' title="bbox 212 1538 2064 1604; baseline -0.003 -14"><span class='ocrx_word' id='word_1_104' title='bbox 212 1543 399 1590; x_wconf 85' lang='lat' dir='ltr'>tionem</span> <span class='ocrx_word' id='word_1_105' title='bbox 439 1540 663 1604; x_wconf 88' lang='lat' dir='ltr'>episcopi</span> <span class='ocrx_word' id='word_1_106' title='bbox 704 1541 820 1589; x_wconf 78' lang='lat' dir='ltr'>Sint</span> <span class='ocrx_word' id='word_1_107' title='bbox 855 1541 1050 1602; x_wconf 77' lang='lat' dir='ltr'>speciosi</span> <span class='ocrx_word' id='word_1_108' title='bbox 1070 1555 1262 1587; x_wconf 80' lang='lat' dir='ltr'>munere</span> <span class='ocrx_word' id='word_1_109' title='bbox 1298 1545 1379 1586; x_wconf 76' lang='lat' dir='ltr'>tuo</span> <span class='ocrx_word' id='word_1_110' title='bbox 1403 1541 1548 1600; x_wconf 75' lang='lat' dir='ltr'>pedes</span> <span class='ocrx_word' id='word_1_111' title='bbox 1581 1539 1681 1586; x_wconf 81' lang='lat' dir='ltr'>eius</span> <span class='ocrx_word' id='word_1_112' title='bbox 1719 1554 1875 1600; x_wconf 87' lang='lat' dir='ltr'>usque</span> <span class='ocrx_word' id='word_1_113' title='bbox 1907 1538 1972 1586; x_wconf 91' lang='lat' dir='ltr'>ad</span> <span class='ocrx_word' id='word_1_114' title='bbox 2008 1543 2064 1585; x_wconf 86' lang='lat' dir='ltr'>ut</span> 
     </span>
     <span class='ocr_line' id='line_1_15' title="bbox 198 1630 1327 1694; baseline -0.004 -16"><span class='ocrx_word' id='word_1_115' title='bbox 198 1631 265 1694; x_wconf 73' lang='lat' dir='ltr'>ft</span> <span class='ocrx_word' id='word_1_116' title='bbox 266 1637 424 1678; x_wconf 75' lang='lat' dir='ltr'>uelum</span> <span class='ocrx_word' id='word_1_117' title='bbox 451 1631 504 1678; x_wconf 87' lang='lat' dir='ltr'>de</span> <span class='ocrx_word' id='word_1_118' title='bbox 517 1630 737 1692; x_wconf 75' lang='lat' dir='ltr'>prosectu</span> <span class='ocrx_word' id='word_1_119' title='bbox 761 1631 973 1676; x_wconf 80' lang='lat' dir='ltr'>omnium</span> <span class='ocrx_word' id='word_1_120' title='bbox 998 1634 1327 1690; x_wconf 78' lang='lat' dir='ltr'>consequatur.</span> 
     </span>
    </p>

    <p class='ocr_par' dir='ltr' id='par_1_4' title="bbox 212 1715 2061 2120">
     <span class='ocr_line' id='line_1_16' title="bbox 282 1715 2056 1781; baseline -0.002 -14"><span class='ocrx_word' id='word_1_121' title='bbox 282 1720 378 1767; x_wconf 88' lang='lat' dir='ltr'>Sed</span> <span class='ocrx_word' id='word_1_122' title='bbox 408 1721 540 1781; x_wconf 87' lang='lat' dir='ltr'>Papa</span> <span class='ocrx_word' id='word_1_123' title='bbox 573 1716 659 1780; x_wconf 87' lang='lat' dir='ltr'>qui</span> <span class='ocrx_word' id='word_1_124' title='bbox 697 1719 761 1766; x_wconf 92' lang='lat' dir='ltr'>ad</span> <span class='ocrx_word' id='word_1_125' title='bbox 800 1716 1081 1766; x_wconf 88' lang='lat' dir='ltr'>Concilium</span> <span class='ocrx_word' id='word_1_126' title='bbox 1109 1715 1457 1765; x_wconf 87' lang='lat' dir='ltr'>Tridentinum</span> <span class='ocrx_word' id='word_1_127' title='bbox 1485 1725 1719 1778; x_wconf 88' lang='lat' dir='ltr'>provocat</span> <span class='ocrx_word' id='word_1_128' title='bbox 1766 1715 1831 1764; x_wconf 88' lang='lat' dir='ltr'>ab</span> <span class='ocrx_word' id='word_1_129' title='bbox 1877 1715 2056 1764; x_wconf 88' lang='lat' dir='ltr'>eodem</span> 
     </span>
     <span class='ocr_line' id='line_1_17' title="bbox 212 1805 2060 1868; baseline -0.002 -13"><span class='ocrx_word' id='word_1_130' title='bbox 212 1807 419 1855; x_wconf 82' lang='lat' dir='ltr'>iudicari</span> <span class='ocrx_word' id='word_1_131' title='bbox 458 1806 622 1855; x_wconf 88' lang='lat' dir='ltr'>debet</span> <span class='ocrx_word' id='word_1_132' title='bbox 699 1808 798 1854; x_wconf 89' lang='lat' dir='ltr'>Aut</span> <span class='ocrx_word' id='word_1_133' title='bbox 837 1822 953 1868; x_wconf 87' lang='lat' dir='ltr'>ergo</span> <span class='ocrx_word' id='word_1_134' title='bbox 996 1806 1091 1854; x_wconf 89' lang='lat' dir='ltr'>hae</span> <span class='ocrx_word' id='word_1_135' title='bbox 1133 1806 1372 1853; x_wconf 86' lang='lat' dir='ltr'>formulae</span> <span class='ocrx_word' id='word_1_136' title='bbox 1417 1806 1679 1853; x_wconf 90' lang='lat' dir='ltr'>Romanae</span> <span class='ocrx_word' id='word_1_137' title='bbox 1719 1805 1886 1853; x_wconf 91' lang='lat' dir='ltr'>nullae</span> <span class='ocrx_word' id='word_1_138' title='bbox 1920 1813 2060 1853; x_wconf 89' lang='lat' dir='ltr'>erant</span> 
     </span>
     <span class='ocr_line' id='line_1_18' title="bbox 213 1891 2061 1958; baseline -0.001 -15"><span class='ocrx_word' id='word_1_139' title='bbox 213 1903 416 1958; x_wconf 86' lang='lat' dir='ltr'>propter</span> <span class='ocrx_word' id='word_1_140' title='bbox 456 1894 679 1943; x_wconf 88' lang='lat' dir='ltr'>defectus</span> <span class='ocrx_word' id='word_1_141' title='bbox 704 1894 767 1942; x_wconf 93' lang='lat' dir='ltr'>de</span> <span class='ocrx_word' id='word_1_142' title='bbox 794 1892 1036 1942; x_wconf 86' lang='lat' dir='ltr'>sacrificio</span> <span class='ocrx_word' id='word_1_143' title='bbox 1063 1902 1111 1942; x_wconf 89' lang='lat' dir='ltr'>et</span> <span class='ocrx_word' id='word_1_144' title='bbox 1136 1895 1199 1942; x_wconf 91' lang='lat' dir='ltr'>de</span> <span class='ocrx_word' id='word_1_145' title='bbox 1224 1894 1441 1956; x_wconf 88' lang='lat' dir='ltr'>peccatis</span> <span class='ocrx_word' id='word_1_146' title='bbox 1481 1891 1804 1951; x_wconf 83' lang='lat' dir='ltr'>remittendiS,</span> <span class='ocrx_word' id='word_1_147' title='bbox 1831 1901 1916 1942; x_wconf 89' lang='lat' dir='ltr'>aut</span> <span class='ocrx_word' id='word_1_148' title='bbox 1950 1908 2061 1941; x_wconf 88' lang='lat' dir='ltr'>auc-</span> 
     </span>
     <span class='ocr_line' id='line_1_19' title="bbox 216 1980 2061 2044; baseline -0.002 -12"><span class='ocrx_word' id='word_1_149' title='bbox 216 1984 387 2032; x_wconf 89' lang='lat' dir='ltr'>toritas</span> <span class='ocrx_word' id='word_1_150' title='bbox 412 1981 627 2032; x_wconf 90' lang='lat' dir='ltr'>Concilii</span> <span class='ocrx_word' id='word_1_151' title='bbox 651 1981 780 2030; x_wconf 86' lang='lat' dir='ltr'>illius</span> <span class='ocrx_word' id='word_1_152' title='bbox 804 1983 941 2030; x_wconf 88' lang='lat' dir='ltr'>nulla</span> <span class='ocrx_word' id='word_1_153' title='bbox 970 1990 1044 2030; x_wconf 88' lang='lat' dir='ltr'>est</span> <span class='ocrx_word' id='word_1_154' title='bbox 1069 1983 1132 2029; x_wconf 91' lang='lat' dir='ltr'>ad</span> <span class='ocrx_word' id='word_1_155' title='bbox 1170 1982 1300 2030; x_wconf 90' lang='lat' dir='ltr'>hanc</span> <span class='ocrx_word' id='word_1_156' title='bbox 1331 1983 1671 2044; x_wconf 89' lang='lat' dir='ltr'>quaestionem</span> <span class='ocrx_word' id='word_1_157' title='bbox 1697 1982 1762 2030; x_wconf 92' lang='lat' dir='ltr'>de</span> <span class='ocrx_word' id='word_1_158' title='bbox 1786 1980 2061 2031; x_wconf 85' lang='lat' dir='ltr'>necessaria</span> 
     </span>
     <span class='ocr_line' id='line_1_20' title="bbox 215 2068 963 2120; baseline -0.003 0"><span class='ocrx_word' id='word_1_159' title='bbox 215 2073 375 2120; x_wconf 86' lang='lat' dir='ltr'>forma</span> <span class='ocrx_word' id='word_1_160' title='bbox 400 2068 587 2119; x_wconf 89' lang='lat' dir='ltr'>ordinis</span> <span class='ocrx_word' id='word_1_161' title='bbox 613 2069 963 2119; x_wconf 87' lang='lat' dir='ltr'>decidendam.</span> 
     </span>
    </p>

    <p class='ocr_par' dir='ltr' id='par_1_5' title="bbox 216 2156 2061 2308">
     <span class='ocr_line' id='line_1_21' title="bbox 285 2156 2061 2221; baseline 0 -15"><span class='ocrx_word' id='word_1_162' title='bbox 285 2157 396 2206; x_wconf 89' lang='lat' dir='ltr'>Alia</span> <span class='ocrx_word' id='word_1_163' title='bbox 444 2156 594 2206; x_wconf 89' lang='lat' dir='ltr'>etiam</span> <span class='ocrx_word' id='word_1_164' title='bbox 643 2159 800 2206; x_wconf 87' lang='lat' dir='ltr'>forma</span> <span class='ocrx_word' id='word_1_165' title='bbox 848 2157 1075 2220; x_wconf 61' lang='lat' dir='ltr'>antiquar*</span> <span class='ocrx_word' id='word_1_166' title='bbox 1122 2158 1449 2212; x_wconf 89' lang='lat' dir='ltr'>consecrandi</span> <span class='ocrx_word' id='word_1_167' title='bbox 1502 2156 1739 2221; x_wconf 88' lang='lat' dir='ltr'>episcopi,</span> <span class='ocrx_word' id='word_1_168' title='bbox 1789 2158 1923 2221; x_wconf 88' lang='lat' dir='ltr'>apud</span> <span class='ocrx_word' id='word_1_169' title='bbox 1969 2173 2061 2207; x_wconf 92' lang='lat' dir='ltr'>nos</span> 
     </span>
     <span class='ocr_line' id='line_1_22' title="bbox 216 2244 2060 2308; baseline 0.001 -15"><span class='ocrx_word' id='word_1_170' title='bbox 216 2244 421 2308; x_wconf 89' lang='lat' dir='ltr'>quidem</span> <span class='ocrx_word' id='word_1_171' title='bbox 463 2254 512 2294; x_wconf 87' lang='lat' dir='ltr'>et</span> <span class='ocrx_word' id='word_1_172' title='bbox 550 2244 667 2293; x_wconf 89' lang='lat' dir='ltr'>alibi</span> <span class='ocrx_word' id='word_1_173' title='bbox 705 2246 906 2293; x_wconf 90' lang='lat' dir='ltr'>saeculo</span> <span class='ocrx_word' id='word_1_174' title='bbox 947 2259 1002 2292; x_wconf 75' lang='lat' dir='ltr'>xx</span> <span class='ocrx_word' id='word_1_175' title='bbox 1042 2244 1234 2304; x_wconf 87' lang='lat' dir='ltr'>usitata,</span> <span class='ocrx_word' id='word_1_176' title='bbox 1261 2245 1341 2293; x_wconf 92' lang='lat' dir='ltr'>hic</span> <span class='ocrx_word' id='word_1_177' title='bbox 1373 2246 1511 2294; x_wconf 86' lang='lat' dir='ltr'>citari</span> <span class='ocrx_word' id='word_1_178' title='bbox 1535 2254 1711 2308; x_wconf 90' lang='lat' dir='ltr'>potest,</span> <span class='ocrx_word' id='word_1_179' title='bbox 1739 2261 1869 2308; x_wconf 89' lang='lat' dir='ltr'>quae</span> <span class='ocrx_word' id='word_1_180' title='bbox 1891 2261 2060 2308; x_wconf 88' lang='lat' dir='ltr'>parem</span> 
     </span>
    </p>
   </div>
   <div class='ocr_carea' id='block_1_3' title="bbox 217 2372 2070 2877">
    <p class='ocr_par' dir='ltr' id='par_1_6' title="bbox 217 2372 2070 2877">
     <span class='ocr_line' id='line_1_23' title="bbox 271 2372 2065 2426; baseline 0.001 -12"><span class='ocrx_word' id='word_1_181' title='bbox 271 2374 375 2414; x_wconf 92' lang='lat' dir='ltr'>XII.</span> <span class='ocrx_word' id='word_1_182' title='bbox 409 2374 425 2400; x_wconf 78' lang='lat'>³</span> <span class='ocrx_word' id='word_1_183' title='bbox 455 2373 832 2415; x_wconf 83' lang='lat' dir='ltr'>sacramentarium</span> <span class='ocrx_word' id='word_1_184' title='bbox 851 2379 969 2414; x_wconf 90' lang='lat' dir='ltr'>vetus</span> <span class='ocrx_word' id='word_1_185' title='bbox 991 2375 1227 2413; x_wconf 87' lang='lat' dir='ltr'>Romanum</span> <span class='ocrx_word' id='word_1_186' title='bbox 1263 2387 1311 2413; x_wconf 88' lang='lat' dir='ltr'>ex</span> <span class='ocrx_word' id='word_1_187' title='bbox 1344 2372 1474 2413; x_wconf 85' lang='lat' dir='ltr'>tribus</span> <span class='ocrx_word' id='word_1_188' title='bbox 1503 2374 1762 2426; x_wconf 88' lang='lat' dir='ltr'>potissimum</span> <span class='ocrx_word' id='word_1_189' title='bbox 1788 2375 1905 2415; x_wconf 86' lang='lat' dir='ltr'>libris</span> <span class='ocrx_word' id='word_1_190' title='bbox 1924 2374 2065 2426; x_wconf 84' lang='lat' dir='ltr'>colligi</span> 
     </span>
     <span class='ocr_line' id='line_1_24' title="bbox 217 2437 2066 2492; baseline 0.001 -13"><span class='ocrx_word' id='word_1_191' title='bbox 217 2439 493 2492; x_wconf 88' lang='lat' dir='ltr'>potest,quod</span> <span class='ocrx_word' id='word_1_192' title='bbox 513 2439 567 2478; x_wconf 87' lang='lat' dir='ltr'>ad</span> <span class='ocrx_word' id='word_1_193' title='bbox 587 2439 795 2478; x_wconf 87' lang='lat' dir='ltr'>orationes</span> <span class='ocrx_word' id='word_1_194' title='bbox 809 2439 974 2486; x_wconf 85' lang='lat' dir='ltr'>attinet,</span> <span class='ocrx_word' id='word_1_195' title='bbox 994 2437 1359 2486; x_wconf 87' lang='lat' dir='ltr'>“Leoniano’&#39;se.‚</span> <span class='ocrx_word' id='word_1_196' title='bbox 1376 2438 1670 2478; x_wconf 85' lang='lat' dir='ltr'>“Gelasian0”</span> <span class='ocrx_word' id='word_1_197' title='bbox 1683 2446 1721 2479; x_wconf 91' lang='lat' dir='ltr'>et</span> <span class='ocrx_word' id='word_1_198' title='bbox 1741 2439 2066 2492; x_wconf 88' lang='lat' dir='ltr'>“Gregoriano’&#39;</span> 
     </span>
     <span class='ocr_line' id='line_1_25' title="bbox 218 2503 2065 2544; baseline 0.001 -1"><span class='ocrx_word' id='word_1_199' title='bbox 218 2503 356 2544; x_wconf 91' lang='lat' dir='ltr'>dictis.</span> <span class='ocrx_word' id='word_1_200' title='bbox 416 2503 576 2543; x_wconf 82' lang='lat' dir='ltr'>Primus</span> <span class='ocrx_word' id='word_1_201' title='bbox 606 2509 746 2543; x_wconf 86' lang='lat' dir='ltr'>tamen</span> <span class='ocrx_word' id='word_1_202' title='bbox 777 2504 890 2543; x_wconf 90' lang='lat' dir='ltr'>solus</span> <span class='ocrx_word' id='word_1_203' title='bbox 911 2505 1125 2543; x_wconf 89' lang='lat' dir='ltr'>Romanus</span> <span class='ocrx_word' id='word_1_204' title='bbox 1145 2508 1207 2543; x_wconf 89' lang='lat' dir='ltr'>est</span> <span class='ocrx_word' id='word_1_205' title='bbox 1226 2503 1315 2542; x_wconf 89' lang='lat' dir='ltr'>sine</span> <span class='ocrx_word' id='word_1_206' title='bbox 1334 2504 1420 2542; x_wconf 93' lang='lat' dir='ltr'>ullo</span> <span class='ocrx_word' id='word_1_207' title='bbox 1439 2503 1522 2542; x_wconf 86' lang='lat' dir='ltr'>alio</span> <span class='ocrx_word' id='word_1_208' title='bbox 1542 2504 1691 2543; x_wconf 89' lang='lat' dir='ltr'>colore.</span> <span class='ocrx_word' id='word_1_209' title='bbox 1755 2504 2001 2544; x_wconf 86' lang='lat' dir='ltr'>Gelasianus</span> <span class='ocrx_word' id='word_1_210' title='bbox 2021 2505 2065 2544; x_wconf 88' lang='lat' dir='ltr'>in</span> 
     </span>
     <span class='ocr_line' id='line_1_26' title="bbox 220 2567 2065 2620; baseline -0.001 -11"><span class='ocrx_word' id='word_1_211' title='bbox 220 2569 402 2609; x_wconf 85' lang='lat' dir='ltr'>Galliam</span> <span class='ocrx_word' id='word_1_212' title='bbox 432 2568 619 2608; x_wconf 79' lang='lat' dir='ltr'>invectus</span> <span class='ocrx_word' id='word_1_213' title='bbox 652 2581 758 2609; x_wconf 88' lang='lat' dir='ltr'>saec.</span> <span class='ocrx_word' id='word_1_214' title='bbox 783 2579 874 2608; x_wconf 82' lang='lat' dir='ltr'>VIII</span> <span class='ocrx_word' id='word_1_215' title='bbox 908 2569 1093 2617; x_wconf 86' lang='lat' dir='ltr'>ineunte,</span> <span class='ocrx_word' id='word_1_216' title='bbox 1130 2573 1171 2607; x_wconf 88' lang='lat' dir='ltr'>et</span> <span class='ocrx_word' id='word_1_217' title='bbox 1206 2567 1486 2620; x_wconf 88' lang='lat' dir='ltr'>Gregorianus</span> <span class='ocrx_word' id='word_1_218' title='bbox 1518 2569 1595 2607; x_wconf 89' lang='lat' dir='ltr'>sub</span> <span class='ocrx_word' id='word_1_219' title='bbox 1623 2568 1775 2608; x_wconf 88' lang='lat' dir='ltr'>Carolo</span> <span class='ocrx_word' id='word_1_220' title='bbox 1806 2570 1979 2620; x_wconf 83' lang='lat' dir='ltr'>Magno,</span> <span class='ocrx_word' id='word_1_221' title='bbox 2011 2570 2065 2609; x_wconf 88' lang='lat' dir='ltr'>ab</span> 
     </span>
     <span class='ocr_line' id='line_1_27' title="bbox 222 2631 2068 2684; baseline 0 -12"><span class='ocrx_word' id='word_1_222' title='bbox 222 2632 442 2672; x_wconf 86' lang='lat' dir='ltr'>Hadriano</span> <span class='ocrx_word' id='word_1_223' title='bbox 465 2633 591 2684; x_wconf 83' lang='lat' dir='ltr'>Papa,</span> <span class='ocrx_word' id='word_1_224' title='bbox 615 2632 723 2672; x_wconf 88' lang='lat' dir='ltr'>circa</span> <span class='ocrx_word' id='word_1_225' title='bbox 743 2643 784 2671; x_wconf 82' lang='lat' dir='ltr'>A.</span> <span class='ocrx_word' id='word_1_226' title='bbox 796 2643 837 2671; x_wconf 86' lang='lat' dir='ltr'>D.</span> <span class='ocrx_word' id='word_1_227' title='bbox 860 2631 939 2682; x_wconf 90' lang='lat'>780</span> <span class='ocrx_word' id='word_1_228' title='bbox 958 2632 1402 2671; x_wconf 88' lang='lat' dir='ltr'>transmissus—ambo</span> <span class='ocrx_word' id='word_1_229' title='bbox 1422 2632 1523 2671; x_wconf 90' lang='lat' dir='ltr'>ritus</span> <span class='ocrx_word' id='word_1_230' title='bbox 1538 2638 1577 2671; x_wconf 90' lang='lat' dir='ltr'>et</span> <span class='ocrx_word' id='word_1_231' title='bbox 1598 2632 1806 2672; x_wconf 91' lang='lat' dir='ltr'>orationes</span> <span class='ocrx_word' id='word_1_232' title='bbox 1827 2633 2068 2673; x_wconf 89' lang='lat' dir='ltr'>Gallicanos</span> 
     </span>
     <span class='ocr_line' id='line_1_28' title="bbox 223 2694 2067 2748; baseline 0.001 -12"><span class='ocrx_word' id='word_1_233' title='bbox 223 2697 425 2736; x_wconf 88' lang='lat' dir='ltr'>Romanis</span> <span class='ocrx_word' id='word_1_234' title='bbox 462 2697 674 2736; x_wconf 84' lang='lat' dir='ltr'>immixtos</span> <span class='ocrx_word' id='word_1_235' title='bbox 711 2697 879 2736; x_wconf 90' lang='lat' dir='ltr'>habent.</span> <span class='ocrx_word' id='word_1_236' title='bbox 947 2697 975 2716; x_wconf 93' lang='lat'><strong>“</strong></span> <span class='ocrx_word' id='word_1_237' title='bbox 990 2694 1197 2736; x_wconf 87' lang='lat' dir='ltr'>Ordines&#39;&#39;</span> <span class='ocrx_word' id='word_1_238' title='bbox 1241 2695 1365 2735; x_wconf 89' lang='lat' dir='ltr'>etiam</span> <span class='ocrx_word' id='word_1_239' title='bbox 1413 2701 1495 2736; x_wconf 88' lang='lat' dir='ltr'>tres</span> <span class='ocrx_word' id='word_1_240' title='bbox 1533 2709 1608 2748; x_wconf 90' lang='lat' dir='ltr'>pro</span> <span class='ocrx_word' id='word_1_241' title='bbox 1646 2697 1791 2736; x_wconf 88' lang='lat' dir='ltr'>ritibus</span> <span class='ocrx_word' id='word_1_242' title='bbox 1828 2697 2067 2738; x_wconf 85' lang='lat' dir='ltr'>conferendi</span> 
     </span>
     <span class='ocr_line' id='line_1_29' title="bbox 219 2760 2069 2814; baseline 0.001 -14"><span class='ocrx_word' id='word_1_243' title='bbox 219 2766 332 2810; x_wconf 86' lang='lat' dir='ltr'>sunt,</span> <span class='ocrx_word' id='word_1_244' title='bbox 356 2774 410 2801; x_wconf 92' lang='lat' dir='ltr'>sc.</span> <span class='ocrx_word' id='word_1_245' title='bbox 439 2761 679 2800; x_wconf 87' lang='lat' dir='ltr'>Mabillonii</span> <span class='ocrx_word' id='word_1_246' title='bbox 700 2761 812 2800; x_wconf 92' lang='lat' dir='ltr'>VIII</span> <span class='ocrx_word' id='word_1_247' title='bbox 834 2766 873 2800; x_wconf 92' lang='lat' dir='ltr'>et</span> <span class='ocrx_word' id='word_1_248' title='bbox 895 2761 959 2799; x_wconf 92' lang='lat' dir='ltr'>IX</span> <span class='ocrx_word' id='word_1_249' title='bbox 984 2767 1023 2800; x_wconf 91' lang='lat' dir='ltr'>et</span> <span class='ocrx_word' id='word_1_250' title='bbox 1051 2760 1219 2800; x_wconf 88' lang='lat' dir='ltr'>ordines</span> <span class='ocrx_word' id='word_1_251' title='bbox 1252 2762 1281 2781; x_wconf 93' lang='lat'><strong>“</strong></span> <span class='ocrx_word' id='word_1_252' title='bbox 1299 2760 1442 2800; x_wconf 87' lang='lat' dir='ltr'>Sancti</span> <span class='ocrx_word' id='word_1_253' title='bbox 1469 2760 1679 2800; x_wconf 89' lang='lat' dir='ltr'>Amandi&#39;&#39;</span> <span class='ocrx_word' id='word_1_254' title='bbox 1706 2762 1821 2810; x_wconf 87' lang='lat' dir='ltr'>dicti,</span> <span class='ocrx_word' id='word_1_255' title='bbox 1845 2762 1915 2814; x_wconf 86' lang='lat' dir='ltr'>qui</span> <span class='ocrx_word' id='word_1_256' title='bbox 1936 2776 1960 2802; x_wconf 92' lang='lat' dir='ltr'>a</span> <span class='ocrx_word' id='word_1_257' title='bbox 1980 2762 2069 2802; x_wconf 89' lang='lat' dir='ltr'>viro</span> 
     </span>
     <span class='ocr_line' id='line_1_30' title="bbox 223 2825 2070 2877; baseline 0.001 -13"><span class='ocrx_word' id='word_1_258' title='bbox 223 2825 387 2864; x_wconf 87' lang='lat' dir='ltr'>erudito</span> <span class='ocrx_word' id='word_1_259' title='bbox 418 2826 466 2865; x_wconf 85' lang='lat' dir='ltr'>L.</span> <span class='ocrx_word' id='word_1_260' title='bbox 493 2825 717 2865; x_wconf 89' lang='lat' dir='ltr'>Duchesne</span> <span class='ocrx_word' id='word_1_261' title='bbox 752 2825 794 2864; x_wconf 88' lang='lat' dir='ltr'>in</span> <span class='ocrx_word' id='word_1_262' title='bbox 816 2825 1063 2877; x_wconf 89' lang='lat' dir='ltr'>Appendice</span> <span class='ocrx_word' id='word_1_263' title='bbox 1083 2825 1176 2864; x_wconf 91' lang='lat' dir='ltr'>libri</span> <span class='ocrx_word' id='word_1_264' title='bbox 1202 2825 1390 2876; x_wconf 61' lang='lat' dir='ltr'>Origines</span> <span class='ocrx_word' id='word_1_265' title='bbox 1414 2825 1470 2864; x_wconf 86' lang='lat' dir='ltr'>du</span> <span class='ocrx_word' id='word_1_266' title='bbox 1503 2827 1608 2865; x_wconf 85' lang='lat' dir='ltr'>culte</span> <span class='ocrx_word' id='word_1_267' title='bbox 1622 2825 1794 2865; x_wconf 64' lang='lat' dir='ltr'>chr-elien</span> <span class='ocrx_word' id='word_1_268' title='bbox 1824 2840 1934 2866; x_wconf 87' lang='lat' dir='ltr'>anno</span> <span class='ocrx_word' id='word_1_269' title='bbox 1967 2825 2070 2876; x_wconf 84' lang='lat'>1889</span> 
     </span>
    </p>
   </div>
   <div class='ocr_carea' id='block_1_4' title="bbox 226 2889 2068 2994">
    <p class='ocr_par' dir='ltr' id='par_1_7' title="bbox 226 2889 2068 2994">
     <span class='ocr_line' id='line_1_31' title="bbox 226 2889 2068 2943; baseline 0.002 -15"><span class='ocrx_word' id='word_1_270' title='bbox 226 2889 391 2929; x_wconf 87' lang='lat' dir='ltr'>Parisiis</span> <span class='ocrx_word' id='word_1_271' title='bbox 420 2889 553 2942; x_wconf 87' lang='lat' dir='ltr'>prima</span> <span class='ocrx_word' id='word_1_272' title='bbox 591 2889 681 2929; x_wconf 90' lang='lat' dir='ltr'>vice</span> <span class='ocrx_word' id='word_1_273' title='bbox 719 2889 829 2941; x_wconf 80' lang='lat' dir='ltr'>typis</span> <span class='ocrx_word' id='word_1_274' title='bbox 867 2889 1051 2929; x_wconf 87' lang='lat' dir='ltr'>mandati</span> <span class='ocrx_word' id='word_1_275' title='bbox 1088 2897 1197 2929; x_wconf 87' lang='lat' dir='ltr'>sunt.</span> <span class='ocrx_word' id='word_1_276' title='bbox 1260 2889 1345 2940; x_wconf 87' lang='lat' dir='ltr'>Qui</span> <span class='ocrx_word' id='word_1_277' title='bbox 1378 2902 1523 2930; x_wconf 87' lang='lat' dir='ltr'>omnes</span> <span class='ocrx_word' id='word_1_278' title='bbox 1555 2891 1731 2931; x_wconf 88' lang='lat' dir='ltr'>eandem</span> <span class='ocrx_word' id='word_1_279' title='bbox 1761 2891 2068 2943; x_wconf 87' lang='lat' dir='ltr'>simplicitatem</span> 
     </span>
     <span class='ocr_line' id='line_1_32' title="bbox 228 2954 471 2994; baseline 0.004 -1"><span class='ocrx_word' id='word_1_280' title='bbox 228 2954 471 2994; x_wconf 84' lang='lat' dir='ltr'>ostendunt.</span> 
     </span>
    </p>
   </div>
   <div class='ocr_carea' id='block_1_5' title="bbox 226 3035 2070 3665">
    <p class='ocr_par' dir='ltr' id='par_1_8' title="bbox 226 3035 2070 3665">
     <span class='ocr_line' id='line_1_33' title="bbox 278 3035 2061 3093; baseline 0.002 -17"><span class='ocrx_word' id='word_1_281' title='bbox 278 3038 381 3078; x_wconf 87' lang='lat' dir='ltr'>XII.</span> <span class='ocrx_word' id='word_1_282' title='bbox 416 3035 434 3060; x_wconf 72' lang='lat'>4</span> <span class='ocrx_word' id='word_1_283' title='bbox 468 3038 588 3078; x_wconf 88' lang='lat' dir='ltr'>Haec</span> <span class='ocrx_word' id='word_1_284' title='bbox 616 3037 747 3077; x_wconf 86' lang='lat' dir='ltr'>forma</span> <span class='ocrx_word' id='word_1_285' title='bbox 776 3051 856 3090; x_wconf 86' lang='lat' dir='ltr'>e.g.</span> <span class='ocrx_word' id='word_1_286' title='bbox 882 3037 924 3077; x_wconf 91' lang='lat' dir='ltr'>in</span> <span class='ocrx_word' id='word_1_287' title='bbox 943 3038 1124 3088; x_wconf 83' lang='lat' dir='ltr'>Leofrici</span> <span class='ocrx_word' id='word_1_288' title='bbox 1140 3039 1389 3078; x_wconf 78' lang='lat' dir='ltr'>Exoniensis</span> <span class='ocrx_word' id='word_1_289' title='bbox 1409 3041 1583 3078; x_wconf 66' lang='lat' dir='ltr'>Mz‘rsalz&#39;</span> <span class='ocrx_word' id='word_1_290' title='bbox 1593 3041 1747 3080; x_wconf 87' lang='lat' dir='ltr'>occurit</span> <span class='ocrx_word' id='word_1_291' title='bbox 1765 3042 1875 3093; x_wconf 86' lang='lat' dir='ltr'>(pag.</span> <span class='ocrx_word' id='word_1_292' title='bbox 1897 3049 1974 3091; x_wconf 92' lang='lat'>217</span> <span class='ocrx_word' id='word_1_293' title='bbox 1996 3041 2061 3082; x_wconf 86' lang='lat' dir='ltr'>ed.</span> 
     </span>
     <span class='ocr_line' id='line_1_34' title="bbox 232 3101 2070 3156; baseline 0.004 -15"><span class='ocrx_word' id='word_1_294' title='bbox 232 3103 279 3142; x_wconf 86' lang='lat' dir='ltr'>F.</span> <span class='ocrx_word' id='word_1_295' title='bbox 309 3103 355 3142; x_wconf 91' lang='lat' dir='ltr'>E.</span> <span class='ocrx_word' id='word_1_296' title='bbox 383 3103 558 3142; x_wconf 83' lang='lat' dir='ltr'>Warren</span> <span class='ocrx_word' id='word_1_297' title='bbox 578 3102 713 3142; x_wconf 86' lang='lat' dir='ltr'>Oxon.</span> <span class='ocrx_word' id='word_1_298' title='bbox 745 3101 879 3154; x_wconf 86' lang='lat'>1883),</span> <span class='ocrx_word' id='word_1_299' title='bbox 903 3102 947 3142; x_wconf 88' lang='lat' dir='ltr'>in</span> <span class='ocrx_word' id='word_1_300' title='bbox 983 3102 1215 3143; x_wconf 89' lang='lat' dir='ltr'>Pontificali</span> <span class='ocrx_word' id='word_1_301' title='bbox 1235 3104 1416 3155; x_wconf 85' lang='lat' dir='ltr'>quodam</span> <span class='ocrx_word' id='word_1_302' title='bbox 1439 3105 1762 3146; x_wconf 89' lang='lat' dir='ltr'>Gemmeticensi</span> <span class='ocrx_word' id='word_1_303' title='bbox 1784 3109 1992 3156; x_wconf 84' lang='lat' dir='ltr'>(Martene</span> <span class='ocrx_word' id='word_1_304' title='bbox 2022 3109 2070 3148; x_wconf 77' lang='lat' dir='ltr'>de</span> 
     </span>
     <span class='ocr_line' id='line_1_35' title="bbox 229 3166 2066 3218; baseline 0.005 -13"><span class='ocrx_word' id='word_1_305' title='bbox 229 3172 314 3206; x_wconf 82' lang='lat' dir='ltr'>ant.</span> <span class='ocrx_word' id='word_1_306' title='bbox 340 3167 425 3206; x_wconf 85' lang='lat' dir='ltr'>eccl.</span> <span class='ocrx_word' id='word_1_307' title='bbox 448 3167 512 3205; x_wconf 73' lang='lat' dir='ltr'>rit.</span> <span class='ocrx_word' id='word_1_308' title='bbox 540 3173 568 3206; x_wconf 87' lang='lat' dir='ltr'>t.</span> <span class='ocrx_word' id='word_1_309' title='bbox 594 3166 624 3205; x_wconf 86' lang='lat' dir='ltr'>ii</span> <span class='ocrx_word' id='word_1_310' title='bbox 644 3180 682 3218; x_wconf 92' lang='lat' dir='ltr'>p.</span> <span class='ocrx_word' id='word_1_311' title='bbox 703 3167 799 3217; x_wconf 84' lang='lat'><strong>367)</strong></span> <span class='ocrx_word' id='word_1_312' title='bbox 820 3174 860 3206; x_wconf 90' lang='lat' dir='ltr'>et</span> <span class='ocrx_word' id='word_1_313' title='bbox 880 3167 923 3206; x_wconf 89' lang='lat' dir='ltr'>in</span> <span class='ocrx_word' id='word_1_314' title='bbox 941 3167 1235 3207; x_wconf 89' lang='lat' dir='ltr'>Sarisburiensi</span> <span class='ocrx_word' id='word_1_315' title='bbox 1256 3167 1367 3216; x_wconf 86' lang='lat' dir='ltr'>(vide</span> <span class='ocrx_word' id='word_1_316' title='bbox 1389 3169 1569 3209; x_wconf 89' lang='lat' dir='ltr'>Maskell</span> <span class='ocrx_word' id='word_1_317' title='bbox 1589 3171 1860 3211; x_wconf 79' lang='lat' dir='ltr'>Monumenta</span> <span class='ocrx_word' id='word_1_318' title='bbox 1882 3174 2066 3214; x_wconf 82' lang='lat' dir='ltr'>Ritualia</span> 
     </span>
     <span class='ocr_line' id='line_1_36' title="bbox 233 3229 2070 3285; baseline 0.006 -16"><span class='ocrx_word' id='word_1_319' title='bbox 233 3231 349 3269; x_wconf 82' lang='lat' dir='ltr'>Eccl.</span> <span class='ocrx_word' id='word_1_320' title='bbox 369 3231 495 3281; x_wconf 79' lang='lat' dir='ltr'><em>Angl.</em></span> <span class='ocrx_word' id='word_1_321' title='bbox 522 3230 586 3270; x_wconf 86' lang='lat' dir='ltr'>ed.</span> <span class='ocrx_word' id='word_1_322' title='bbox 613 3241 636 3270; x_wconf 91' lang='lat'><strong>2</strong></span> <span class='ocrx_word' id='word_1_323' title='bbox 663 3230 798 3271; x_wconf 88' lang='lat' dir='ltr'>Oxon.</span> <span class='ocrx_word' id='word_1_324' title='bbox 829 3229 931 3270; x_wconf 89' lang='lat'>1882</span> <span class='ocrx_word' id='word_1_325' title='bbox 950 3231 1032 3270; x_wconf 90' lang='lat' dir='ltr'>vol.</span> <span class='ocrx_word' id='word_1_326' title='bbox 1058 3231 1085 3270; x_wconf 91' lang='lat' dir='ltr'>ii</span> <span class='ocrx_word' id='word_1_327' title='bbox 1119 3244 1157 3283; x_wconf 94' lang='lat' dir='ltr'>p.</span> <span class='ocrx_word' id='word_1_328' title='bbox 1185 3230 1293 3280; x_wconf 91' lang='lat'>282).</span> <span class='ocrx_word' id='word_1_329' title='bbox 1356 3233 1492 3272; x_wconf 89' lang='lat' dir='ltr'>Verba</span> <span class='ocrx_word' id='word_1_330' title='bbox 1522 3234 1574 3274; x_wconf 87' lang='lat' dir='ltr'>de</span> <span class='ocrx_word' id='word_1_331' title='bbox 1594 3236 1795 3285; x_wconf 85' lang='lat' dir='ltr'>mysteriis</span> <span class='ocrx_word' id='word_1_332' title='bbox 1815 3239 2070 3279; x_wconf 89' lang='lat' dir='ltr'>celebrandis</span> 
     </span>
     <span class='ocr_line' id='line_1_37' title="bbox 231 3294 2066 3350; baseline 0.007 -18"><span class='ocrx_word' id='word_1_333' title='bbox 231 3300 269 3332; x_wconf 88' lang='lat' dir='ltr'>et</span> <span class='ocrx_word' id='word_1_334' title='bbox 295 3294 531 3334; x_wconf 77' lang='lat' dir='ltr'>Admonitio</span> <span class='ocrx_word' id='word_1_335' title='bbox 563 3295 622 3333; x_wconf 83' lang='lat' dir='ltr'>acl</span> <span class='ocrx_word' id='word_1_336' title='bbox 645 3295 856 3334; x_wconf 79' lang='lat' dir='ltr'>sacerdotes</span> <span class='ocrx_word' id='word_1_337' title='bbox 889 3294 960 3342; x_wconf 92' lang='lat' dir='ltr'>(ib.</span> <span class='ocrx_word' id='word_1_338' title='bbox 987 3308 1029 3347; x_wconf 90' lang='lat' dir='ltr'>p.</span> <span class='ocrx_word' id='word_1_339' title='bbox 1052 3295 1149 3345; x_wconf 88' lang='lat'><strong>246)</strong></span> <span class='ocrx_word' id='word_1_340' title='bbox 1186 3309 1263 3347; x_wconf 88' lang='lat' dir='ltr'>pro</span> <span class='ocrx_word' id='word_1_341' title='bbox 1291 3298 1482 3349; x_wconf 87' lang='lat' dir='ltr'>exemplo</span> <span class='ocrx_word' id='word_1_342' title='bbox 1503 3299 1686 3350; x_wconf 82' lang='lat' dir='ltr'>patribus</span> <span class='ocrx_word' id='word_1_343' title='bbox 1707 3302 1855 3341; x_wconf 90' lang='lat' dir='ltr'>nostris</span> <span class='ocrx_word' id='word_1_344' title='bbox 1876 3303 2066 3344; x_wconf 84' lang='lat' dir='ltr'>videntur</span> 
     </span>
     <span class='ocr_line' id='line_1_38' title="bbox 232 3357 2067 3411; baseline 0.006 -16"><span class='ocrx_word' id='word_1_345' title='bbox 232 3357 355 3396; x_wconf 82' lang='lat' dir='ltr'>fuisse</span> <span class='ocrx_word' id='word_1_346' title='bbox 375 3357 418 3396; x_wconf 93' lang='lat' dir='ltr'>in</span> <span class='ocrx_word' id='word_1_347' title='bbox 438 3357 701 3398; x_wconf 87' lang='lat' dir='ltr'>ordinatione</span> <span class='ocrx_word' id='word_1_348' title='bbox 731 3359 971 3410; x_wconf 89' lang='lat' dir='ltr'>presbyteri.</span> <span class='ocrx_word' id='word_1_349' title='bbox 1037 3359 1156 3398; x_wconf 88' lang='lat' dir='ltr'>Haec</span> <span class='ocrx_word' id='word_1_350' title='bbox 1189 3360 1335 3408; x_wconf 88' lang='lat' dir='ltr'>forma,</span> <span class='ocrx_word' id='word_1_351' title='bbox 1368 3374 1460 3400; x_wconf 91' lang='lat' dir='ltr'>cum</span> <span class='ocrx_word' id='word_1_352' title='bbox 1491 3361 1678 3402; x_wconf 87' lang='lat' dir='ltr'>formulis</span> <span class='ocrx_word' id='word_1_353' title='bbox 1717 3365 1932 3406; x_wconf 82' lang='lat' dir='ltr'>Canonum</span> <span class='ocrx_word' id='word_1_354' title='bbox 1962 3368 2067 3411; x_wconf 68' lang='lat' dir='ltr'>Hip-</span> 
     </span>
     <span class='ocr_line' id='line_1_39' title="bbox 226 3413 2067 3478; baseline 0.008 -21"><span class='ocrx_word' id='word_1_355' title='bbox 226 3422 360 3471; x_wconf 76' lang='lat' dir='ltr'>polyti</span> <span class='ocrx_word' id='word_1_356' title='bbox 391 3429 429 3461; x_wconf 91' lang='lat' dir='ltr'>et</span> <span class='ocrx_word' id='word_1_357' title='bbox 456 3422 799 3461; x_wconf 76' lang='lat' dir='ltr'>Constitutionnm</span> <span class='ocrx_word' id='word_1_358' title='bbox 820 3423 1148 3474; x_wconf 76' lang='lat' dir='ltr'>Apostolicorum</span> <span class='ocrx_word' id='word_1_359' title='bbox 1169 3424 1471 3464; x_wconf 88' lang='lat' dir='ltr'>necessitudine</span> <span class='ocrx_word' id='word_1_360' title='bbox 1492 3428 1669 3478; x_wconf 85' lang='lat' dir='ltr'>quadam</span> <span class='ocrx_word' id='word_1_361' title='bbox 1700 3430 1932 3478; x_wconf 88' lang='lat' dir='ltr'>coniuncta,</span> <span class='ocrx_word' id='word_1_362' title='bbox 1964 3413 2067 3472; x_wconf 69' lang='lat' dir='ltr'>anti-</span> 
     </span>
     <span class='ocr_line' id='line_1_40' title="bbox 237 3485 2068 3548; baseline 0.008 -26"><span class='ocrx_word' id='word_1_363' title='bbox 237 3485 438 3535; x_wconf 87' lang='lat' dir='ltr'>quitatem</span> <span class='ocrx_word' id='word_1_364' title='bbox 459 3485 558 3526; x_wconf 88' lang='lat' dir='ltr'>satis</span> <span class='ocrx_word' id='word_1_365' title='bbox 578 3499 771 3538; x_wconf 86' lang='lat' dir='ltr'>magnam</span> <span class='ocrx_word' id='word_1_366' title='bbox 793 3488 968 3536; x_wconf 89' lang='lat' dir='ltr'>redolet,</span> <span class='ocrx_word' id='word_1_367' title='bbox 992 3493 1048 3536; x_wconf 85' lang='lat' dir='ltr'>et,</span> <span class='ocrx_word' id='word_1_368' title='bbox 1070 3487 1206 3528; x_wconf 89' lang='lat' dir='ltr'>verbis</span> <span class='ocrx_word' id='word_1_369' title='bbox 1220 3489 1272 3528; x_wconf 86' lang='lat' dir='ltr'>de</span> <span class='ocrx_word' id='word_1_370' title='bbox 1292 3501 1453 3528; x_wconf 88' lang='lat' dir='ltr'>summo</span> <span class='ocrx_word' id='word_1_371' title='bbox 1474 3492 1705 3531; x_wconf 87' lang='lat' dir='ltr'>sacerdotio</span> <span class='ocrx_word' id='word_1_372' title='bbox 1725 3495 1922 3546; x_wconf 82' lang='lat' dir='ltr'>exceptis,</span> <span class='ocrx_word' id='word_1_373' title='bbox 1938 3509 2068 3548; x_wconf 87' lang='lat' dir='ltr'>aeque</span> 
     </span>
     <span class='ocr_line' id='line_1_41' title="bbox 242 3548 2062 3606; baseline 0.008 -20"><span class='ocrx_word' id='word_1_374' title='bbox 242 3548 293 3585; x_wconf 87' lang='lat' dir='ltr'>ad</span> <span class='ocrx_word' id='word_1_375' title='bbox 335 3549 619 3600; x_wconf 87' lang='lat' dir='ltr'>presbyterum</span> <span class='ocrx_word' id='word_1_376' title='bbox 661 3551 939 3591; x_wconf 86' lang='lat' dir='ltr'>ordinandum</span> <span class='ocrx_word' id='word_1_377' title='bbox 978 3552 1129 3592; x_wconf 86' lang='lat' dir='ltr'>idonea</span> <span class='ocrx_word' id='word_1_378' title='bbox 1165 3552 1338 3592; x_wconf 83' lang='lat' dir='ltr'>videtur.</span> <span class='ocrx_word' id='word_1_379' title='bbox 1401 3554 1504 3594; x_wconf 90' lang='lat' dir='ltr'>Sunt</span> <span class='ocrx_word' id='word_1_380' title='bbox 1540 3556 1608 3606; x_wconf 90' lang='lat' dir='ltr'>qui</span> <span class='ocrx_word' id='word_1_381' title='bbox 1648 3557 1815 3597; x_wconf 85' lang='lat' dir='ltr'>credant</span> <span class='ocrx_word' id='word_1_382' title='bbox 1854 3571 1943 3598; x_wconf 88' lang='lat' dir='ltr'>eam</span> <span class='ocrx_word' id='word_1_383' title='bbox 1975 3573 2062 3601; x_wconf 87' lang='lat' dir='ltr'>esse</span> 
     </span>
     <span class='ocr_line' id='line_1_42' title="bbox 239 3611 1979 3665; baseline 0.009 -16"><span class='ocrx_word' id='word_1_384' title='bbox 239 3611 473 3651; x_wconf 83' lang='lat' dir='ltr'>Romanam</span> <span class='ocrx_word' id='word_1_385' title='bbox 493 3618 533 3651; x_wconf 86' lang='lat' dir='ltr'>et</span> <span class='ocrx_word' id='word_1_386' title='bbox 553 3613 605 3652; x_wconf 88' lang='lat' dir='ltr'>ab</span> <span class='ocrx_word' id='word_1_387' title='bbox 628 3614 866 3665; x_wconf 88' lang='lat' dir='ltr'>Augustino</span> <span class='ocrx_word' id='word_1_388' title='bbox 889 3615 1175 3655; x_wconf 85' lang='lat' dir='ltr'>Cantuariensi</span> <span class='ocrx_word' id='word_1_389' title='bbox 1197 3616 1237 3656; x_wconf 89' lang='lat' dir='ltr'>in</span> <span class='ocrx_word' id='word_1_390' title='bbox 1259 3622 1442 3658; x_wconf 87' lang='lat' dir='ltr'>nostrum</span> <span class='ocrx_word' id='word_1_391' title='bbox 1464 3631 1579 3658; x_wconf 83' lang='lat' dir='ltr'>usum</span> <span class='ocrx_word' id='word_1_392' title='bbox 1601 3620 1825 3660; x_wconf 80' lang='lat' dir='ltr'>derivatam</span> <span class='ocrx_word' id='word_1_393' title='bbox 1846 3621 1979 3663; x_wconf 88' lang='lat' dir='ltr'>fuisse.</span> 
     </span>
    </p>
   </div>
  </div>
 </body>
</html>
