2216 3964
1103 356 1164 399 26

213 487 366 544 dator,
395 500 523 547 quae
548 500 637 548 pro
662 474 850 534 vocatis
877 484 975 532 “in
1003 486 1220 536 officium
1257 486 1548 534 sacerdotii'’
1571 487 1736 535 Deum
1761 491 2052 550 apprecatur

213 580 266 619 ut
293 574 395 635 Ipsi
421 572 631 622 fideliter
656 572 706 620 in
739 574 836 623 hoc
875 574 1040 622 officio
1079 573 1370 634 deserviant,
1399 590 1510 636 pars
1547 575 1735 624 formae
1771 583 1892 623 tunc
1931 583 2052 628 tern-

216 661 347 720 poris
390 669 495 708 erat
531 670 580 710 et
622 660 686 709 ab
734 660 973 723 episcopo
1011 660 1299 710 immediate
1335 670 1451 710 ante
1499 678 1706 710 examen
1754 661 2045 711 dicebatur³.

213 750 259 797 N
266 766 363 797 unc
380 766 510 808 vero,
533 767 647 798 cum
667 751 819 799 verba
844 766 981 799 nova·
998 751 1212 799 eandem
1238 752 1535 799 sententiam
1562 750 1746 800 diserte
1772 752 2051 814 exprimant

213 837 263 883 in
288 837 438 884 alium
464 838 630 885 locum
658 846 847 886 remota
871 847 944 886 est
969 846 1017 886 et
1043 853 1131 899 pro
1157 839 1367 887 collecta
1391 837 1489 886 diei
1514 837 1732 886 sumitur.

280 926 427 973 Hanc
452 924 599 973 etiam
636 924 961 974 mutationem
997 928 1182 988 Papam
1215 924 1396 988 fugisse
1421 941 1523 974 non
1548 925 1812 974 miramur:
1856 926 1944 974 sed
1968 941 2044 974 res

211 1011 636 1062 animadversione
672 1015 820 1076 digna
855 1022 940 1062 est.
1015 1015 1347 1063 Observamus
1387 1013 1518 1063 enim
1558 1030 1671 1062 eum
1707 1013 1758 1061 in
1794 1015 1887 1062 hac
1910 1022 2047 1076 parte

211 1100 480 1148 litterarum
517 1101 879 1162 aliquantulum
920 1101 1153 1162 cunctari,
1182 1118 1294 1149 cum
1331 1104 1502 1150 innuat
1538 1104 1746 1150 formam
1771 1101 1888 1150 anni
1919 1103 2040 1150 1662

211 1189 374 1236 forsan
412 1189 462 1235 in
505 1204 557 1236 se
584 1189 909 1237 sufficientem
936 1188 1178 1237 aestimari
1227 1191 1422 1249 debere,
1451 1189 1491 1237 si
1529 1191 1682 1238 modo
1707 1199 1908 1238 centum
1946 1191 2046 1238 fere

215 1264 356 1324 annis
393 1274 641 1338 antiquior
675 1277 846 1324 fuisset
882 1275 930 1340 (ξ
963 1276 1028 1339 7).
1104 1275 1407 1338 Opinionem
1448 1279 1595 1325 etiam
1644 1293 1813 1326 eorum
1862 1278 2052 1326 theolo-

210 1379 383 1425 gorum
419 1363 613 1412 videtur
651 1363 894 1426 amplecti,
931 1363 1015 1426 qui
1051 1365 1256 1412 formam
1300 1381 1400 1413 non
1438 1364 1488 1412 in
1526 1367 1746 1413 oratione
1782 1365 1860 1413 vel
1902 1363 2051 1412 bene-

212 1450 432 1500 dictione
473 1468 586 1510 una,
614 1453 692 1500 vel
734 1454 981 1514 precativa
1020 1469 1169 1514 quam
1207 1454 1378 1501 dicunt
1416 1454 1494 1501 vel
1532 1453 1832 1515 imperativa,
1873 1453 1961 1500 sed
1996 1450 2047 1500 in

213 1541 338 1588 serie
375 1548 478 1588 tota
502 1541 819 1588 formularum
845 1541 1043 1588 vinculo
1069 1541 1288 1602 quodam
1315 1539 1487 1588 morali
1512 1539 1903 1600 coniunctarum,
1931 1555 2046 1588 con-

210 1636 335 1676 stare
377 1629 593 1676 credant.
668 1628 832 1690 Pergit
867 1627 1001 1676 enim
1037 1627 1286 1690 disputare
1323 1629 1386 1676 de
1422 1627 1603 1676 auxilio
1641 1644 1819 1676 causae
1843 1635 2045 1676 nostrae

213 1718 242 1740 “
258 1717 565 1774 novissime,”
601 1725 654 1764 ut
690 1716 859 1788 credit,
901 1717 1179 1763 “arcessito
1204 1717 1265 1763 ab
1291 1715 1396 1763 aliis
1422 1714 1643 1764 eiusdem
1669 1716 1919 1764 Ordinalis
1942 1730 2048 1777 pre·

209 1803 393 1852 cibus.’'
463 1805 605 1865 Quae
643 1805 930 1865 provocatio
973 1811 1138 1851 nostra
1175 1805 1312 1851 nullo
1338 1804 1490 1852 modo
1528 1819 1655 1851 nova
1688 1811 1773 1862 est,
1802 1803 1891 1851 sed
1918 1803 2048 1851 facta

207 1892 298 1939 fuit
323 1892 520 1940 saeculo
546 1905 659 1938 xvn
682 1907 797 1939 cum
822 1890 920 1939 iam
946 1892 1303 1953 argumentatio
1330 1893 1560 1939 Romana
1585 1891 1647 1939 de
1670 1890 1829 1940 verbis
1865 1889 2047 1939 additis

207 1978 422 2042 primum
465 1979 833 2028 innotesceret.4
902 1981 1080 2042 Neque
1123 1981 1259 2028 illum
1292 1981 1354 2027 ab
1387 1981 1623 2042 opinione
1647 1977 1889 2042 Johannis
1928 1979 2047 2028 Car·

211 2069 388 2116 dinalis
413 2069 476 2117 de
503 2070 643 2131 Lugo
668 2067 914 2117 credimus
939 2067 1197 2116 dissentire
1223 2067 1307 2130 qui
1333 2068 1480 2115 docet
1506 2076 1659 2115 totam
1686 2066 2047 2115 ordinationem

211 2173 360 2204 unam
380 2158 627 2206 actionem
653 2157 858 2216 efficere,
882 2172 973 2204 nec
998 2158 1175 2204 referre
1203 2155 1242 2203 si
1268 2157 1471 2204 materia
1494 2165 1544 2204 et
1568 2157 1723 2204 forma
1747 2157 1809 2204 ab
1833 2154 2044 2204 invicem

211 2243 461 2293 seiunctae
481 2243 578 2292 sint
596 2244 674 2307 (ut
698 2243 749 2291 in
769 2242 1045 2292 Pontificali
1071 2243 1146 2307 fit)
1166 2245 1205 2291 si
1230 2259 1287 2291 ea
1313 2259 1440 2305 quae
1465 2242 1772 2292 intercedant
1787 2243 2046 2291 'moraliter

211 2331 609 2395 coniungantur.5

262 2463 357 2503 XV.
382 2461 399 2486 ³
419 2463 584 2515 Operae
606 2461 783 2515 pretium
806 2467 868 2501 est
885 2461 994 2501 hanc
1014 2460 1246 2500 orationem
1267 2474 1468 2499 annorum
1487 2467 1589 2511 1550
1604 2466 1643 2499 et
1668 2467 1769 2511 1552
1785 2459 1853 2499 hic
1875 2458 2042 2508 referre,

206 2543 300 2569 cum
322 2529 449 2568 verba
468 2528 542 2567 illa
562 2528 623 2566 ad
634 2528 810 2580 osticium
838 2532 876 2566 et
901 2533 1001 2578 opus
1021 2526 1253 2577 presbyteri
1270 2527 1336 2565 vel
1366 2526 1583 2565 sacerdotis
1600 2531 1686 2565 tam
1720 2524 1862 2576 magni
1885 2525 2049 2565 Romae

206 2595 492 2635 aestimentur.

259 2659 583 2710 “Omnipotens
615 2657 746 2705 Deus,
779 2656 966 2696 omnium
1005 2656 1211 2695 bonorum
1246 2656 1383 2703 dator,
1407 2655 1478 2706 qui
1517 2668 1592 2707 per
1622 2654 1826 2706 Spiritum
1860 2660 2050 2693 sanctum

205 2730 320 2762 tuum
334 2722 468 2762 varios
487 2721 767 2761 ministrorum
789 2720 956 2760 ordines
971 2719 1014 2758 in
1037 2719 1308 2759 Ecclesiatua
1331 2718 1582 2758 constituisti
1608 2733 1619 2767 ;
1650 2718 1829 2770 Respice
1845 2718 2049 2770 propitius

201 2789 277 2827 hos
306 2787 482 2827 famulos
510 2792 603 2826 tuos
633 2786 675 2824 in
704 2784 886 2825 officium
918 2784 1139 2824 sacerdotii
1173 2784 1255 2822 iam
1291 2790 1488 2830 vocatos;
1528 2789 1568 2823 et
1603 2796 1674 2822 eos
1706 2782 1922 2822 doctrinae
1952 2789 2050 2822 tuae

207 2853 380 2892 veritate
401 2859 440 2892 et
474 2850 710 2891 innocentia
740 2850 848 2889 vitae
880 2850 939 2889 ita
973 2849 1171 2900 adimple,
1203 2854 1249 2887 ut
1278 2854 1361 2887 tam
1391 2862 1460 2887 ore
1481 2862 1605 2900 quam
1625 2848 1736 2887 bono
1755 2847 1946 2899 exemplo
1965 2846 2044 2886 tibi

209 2919 250 2956 in
281 2917 360 2956 hoc
389 2915 525 2955 officio
560 2915 738 2954 fideliter
769 2914 1021 2961 deserviant,
1058 2914 1111 2952 ad
1139 2911 1316 2964 gloriam
1362 2912 1423 2950 tui
1462 2912 1660 2951 Nominis
1697 2918 1737 2950 et
1773 2913 1826 2950 ad
1864 2911 2044 2962 Congre-

206 2981 383 3034 gationis
413 2980 652 3033 profectum.
728 2980 806 3019 Per
835 2977 1030 3019 merita.’'
1090 2979 1210 3017 Haec
1250 2977 1383 3016 oratio
1421 2977 1637 3016 notionem
1670 2974 2046 3015 “benedictionis'’

204 3049 318 3087 Deus
342 3047 545 3084 honorum
573 3046 760 3084 omnium
789 3044 969 3084 breviter
998 3042 1207 3094 exprimit.
1289 3042 1395 3081 Sunt
1434 3041 1505 3093 qui
1544 3041 1717 3081 credant
1760 3042 1789 3060 “
1807 3037 2044 3079 bonorum''

203 3112 359 3151 variam
381 3111 607 3150 lectionem
627 3123 717 3150 esse
737 3122 813 3161 pro
837 3110 866 3129 “
880 3106 1139 3148 bonorum’'

264 3188 355 3225 XV.
381 3184 396 3209 ‘¹
418 3186 525 3225 Vide
546 3185 659 3226 Gilb.
685 3185 838 3224 Bumet
870 3183 1123 3222 Vindication
1138 3181 1205 3234 pp.
1231 3179 1270 3228 8,
1297 3189 1361 3230 71,
1384 3180 1455 3232 qui
1470 3179 1609 3220 scribit
1630 3179 1733 3219 haec
1754 3178 2040 3219 additamenta

212 3250 473 3290 Ordinationi
503 3263 587 3288 non
620 3248 853 3288 essentialia
884 3261 972 3287 esse
1003 3247 1074 3286 secl
1105 3244 1399 3297 explicationes
1430 3249 1588 3283 tantum
1613 3256 1701 3283 esse
1721 3256 1861 3282 eorum
1887 3244 2039 3294 “quae

210 3321 331 3354 antea
370 3327 440 3366 per
471 3314 572 3353 alias
604 3313 750 3352 harum
782 3312 1047 3352 formularum
1086 3315 1222 3362 partes
1259 3309 1356 3348 satis
1394 3309 1503 3347 clara
1541 3307 1699 3346 fuerant
1717 3306 1755 3355 ;’'
1803 3314 1843 3346 et
1885 3306 2032 3346 Humf.

213 3379 412 3418 Prideaux
435 3379 543 3417 Eccl.
579 3379 620 3417 T
613 3383 718 3417 racts
736 3391 777 3430 p.
806 3387 821 3416 1
834 3385 879 3426 17
900 3376 971 3428 qui
986 3375 1214 3415 orationem
1233 3374 1494 3423 Omnipotens
1513 3373 1626 3411 Deus
1641 3371 1832 3412 exscribit
1853 3377 1892 3410 et
1913 3371 1966 3411 de
1986 3384 2034 3411 ea

210 3443 404 3493 disputat.
448 3442 608 3482 Similia
627 3442 842 3494 scripserat
859 3441 897 3492 J.
924 3439 1134 3479 Bramhall
1155 3437 1295 3488 (1658)
1325 3437 1466 3476 Works
1485 3437 1536 3476 A.
1556 3436 1607 3476 C.
1631 3436 1679 3477 L.
1703 3436 1747 3475 iii
1767 3449 1836 3488 pp.
1862 3435 2034 3486 162—9,

213 3506 350 3544 Oxon.
378 3505 491 3555 1844.

262 3580 352 3617 XV.
381 3577 396 3601 ⁵
418 3581 482 3618 De
499 3580 762 3619 κτιτι-ιιιηιεγιίιζτ
781 3580 826 3619 in
841 3592 931 3631 gen.
958 3578 1063 3629 disp.
1089 3577 1131 3616 ii.
1156 3589 1234 3616 sec.
1253 3588 1278 3612 v
1303 3573 1322 3624 ἓ
1345 3585 1411 3625 99,
1437 3581 1463 3614 t.
1483 3574 1526 3614 iii
1547 3589 1586 3626 p.
1609 3585 1746 3626 293-4‚
1768 3573 1894 3615 Paris.
1918 3573 2032 3625 1892.
